3126 4986
254 643 345 684 Edvnrd
358 646 377 684 l.

252 695 279 732 Δ.
285 695 312 734 1).
324 697 380 734 1295.

404 457 449 519 64
774 472 986 521 cnuorucos

404 627 482 704 tior,
500 627 613 692 carior
628 629 801 706 habearis
822 649 863 692 ac
880 631 916 692 in
931 647 1041 710 regno
1059 627 1179 690 mundi
1196 623 1357 690 ‘claris'¹

244 728 552 791 -······nominis
578 729 667 810 regii
696 727 806 792 titulis
833 730 1011 810 copiosum
1039 727 1221 810 proveniat
1246 725 1358 790 iu'crc·

240 789 290 828 Bnll
299 789 323 827 ol
328 789 384 838 Popo

241 839 350 879 Bonitsco.

404 835 570 894 mentum.

456 931 479 960 “
494 925 584 990 Saue
609 927 653 989 ab
675 927 760 1008 ipsis
782 933 910 989 nostrae
942 926 1170 1008 promotionis
1192 923 1357 1004 auspiciis

404 1025 449 1090 ad
472 1025 669 1106 generalem
684 1033 816 1089 statum
835 1025 988 1089 fidelium
1014 1025 1139 1088 mentis
1159 1025 1269 1088 aciem
1293 1043 1358 1086 ex-

403 1125 597 1202 tendentes,
625 1132 661 1188 et
676 1125 939 1188 considerantes
965 1121 1186 1189 ‘attentius’²
1212 1127 1354 1205 gravem

404 1225 508 1288 immo
531 1225 771 1306 gravissimam
798 1238 834 1288 ot
857 1225 996 1288 omnino
1026 1222 1234 1287 contrariam
1265 1223 1355 1285 votis

405 1323 535 1387 nostris
557 1325 649 1387 inter
663 1331 698 1387 te
718 1332 753 1386 et
777 1323 991 1386 carissimum
1018 1324 1053 1387 in
1079 1322 1219 1386 Christo
1247 1320 1355 1384 filium

405 1429 562 1488 nostrum
580 1422 779 1505 Philippum
801 1442 917 1504 regem
947 1424 1160 1487 Francorum
1173 1421 1358 1496 illustrem,

405 1523 565 1604 proxima
589 1521 653 1586 tibi
683 1523 984 1604 consanguinitate
1013 1522 1249 1604 conjunctum,
1276 1540 1358 1602 pro-

405 1629 550 1686 curante
572 1622 668 1704 pacis
691 1622 815 1685 aemulo
837 1621 1012 1686 incentore
1026 1621 1208 1696 malorum,
1226 1620 1357 1684 discor·

405 1720 497 1784 diam
528 1723 743 1798 suscitatam,
773 1719 873 1785 firma
915 1728 950 1785 et
984 1721 1101 1786 stabili
1132 1718 1358 1802 dispositione

405 1819 632 1896 decrevimus,
659 1828 698 1885 ut
732 1839 835 1902 super
860 1820 1057 1904 hujusmodi
1087 1820 1238 1901 negotio,
1261 1818 1356 1881 cordi

406 1925 526 1983 nostro
545 1921 724 2001 potissime
748 1921 931 1995 insidente,
953 1920 1113 1984 solennes
1136 1919 1180 1982 ad
1204 1938 1355 2002 praesan-

406 2019 491 2084 tiam
505 2020 635 2101 rcgiam
650 2019 793 2083 nuncios
809 2028 844 2084 ct
858 2019 978 2085 literas
991 2021 1218 2084 mitteremus

458 2117 562 2182 “Sed
590 2127 733 2201 propter
759 2127 916 2184 nostrum
946 2120 989 2182 de
1017 2121 1161 2184 civitate
1188 2117 1366 2199 Neapoli-'

408 2225 492 2282 tana
513 2218 714 2295 discessum,
733 2219 793 2282 ubi
819 2227 902 2283 tunc
925 2219 1086 2282 Romana
1109 2219 1206 2282 curia
1228 2217 1355 2280 reside-

408 2318 481 2392 bat,
523 2324 747 2399 uostrumquc
784 2337 961 2382 accessum
1000 2319 1044 2382 ad
1082 2320 1214 2394 urbam,
1254 2335 1357 2398 quem

409 2416 542 2479 viarum
566 2416 761 2498 periculosa
785 2417 983 2481 discrimina
1010 2439 1080 2483 non
1112 2418 1283 2482 modicum
1305 2436 1357 2479 re

408 2515 603 2594 tardarunt,
638 2535 680 2580 ac
705 2517 810 2580 etiam
841 2519 886 2582 ob
917 2525 1044 2582 nostrae
1070 2518 1156 2581 inibi
1183 2517 1358 2580 celebrata

407 2615 674 2679 consecrationis
720 2617 875 2680 solennia
924 2617 1093 2699 impediti,
1141 2616 1358 2698 nequivimus

407 2714 510 2778 citius
545 2716 688 2779 nuncios
722 2717 906 2798 praedictos
940 2726 976 2780 et
1012 2719 1132 2781 literas
1169 2715 1357 2782 destinare.

409 2812 559 2888 Revera,
575 2814 637 2892 fili,
653 2834 871 2896 nequaquam
891 2835 1010 2879 sumus
1028 2818 1256 2893 immemores
1274 2815 1358 2897 quin

408 2914 525 2994 potius
540 2915 653 2978 tenaci
679 2916 843 2978 memoria
860 2916 1059 2995 retinemus,
1075 2901 1167 2998 quod
1188 2935 1250 2979 nos
1274 2914 1357 2978 bac-

408 3018 521 3090 tenus,
547 3014 630 3077 dum
656 3033 810 3078 essemus
833 3015 869 3077 in
890 3015 1020 3096 minori
1039 3015 1150 3080 officio
1178 3015 1359 3079 constituti

407 3111 551 3176 sinceris
572 3112 754 3178 affectibus
771 3114 936 3192 dilexisti,
952 3115 1130 3198 plenisque
1147 3109 1244 3179 suisti
1261 3114 1359 3178 savo-

407 3211 502 3276 ribus
526 3209 740 3295 prosecutus.
809 3213 963 3297 Ideoque
981 3213 1063 3278 dum
1079 3214 1224 3279 solerter
1245 3220 1359 3278 atten-

408 3310 521 3375 dimus
548 3313 688 3393 quantis
714 3320 750 3376 et
774 3332 877 3394 quam
904 3314 1068 3395 gravibus
1099 3314 1267 3397 praedicta
1288 3313 1357 3377 dis-

407 3410 525 3473 cordia
542 3410 696 3474 noscitur
717 3418 843 3475 onusta
857 3412 1058 3495 dispendiis,
1077 3421 1162 3495 quot
1177 3421 1211 3478 ct
1227 3419 1360 3494 quanta

408 3508 562 3590 pericula
585 3527 702 3573 secum
729 3511 849 3588 trahit,
864 3502 968 3593 quam
990 3513 1183 3596 dampnosa
1201 3512 1359 3576 fidelibus

408 3606 576 3684 redditur,
597 3626 701 3688 quam
718 3612 872 3690 graviter
890 3614 1008 3676 turbat
1034 3622 1069 3678 et
1089 3613 1233 3694 impedit
1253 3631 1359 3690 nego·

409 3705 495 3772 tium
519 3706 637 3770 Terrae
660 3708 808 3785 Sanctae,
837 3723 1049 3791 quantumve
1075 3718 1258 3795 propterea
1283 3711 1360 3774 Deo

409 3805 590 3887 displicere
625 3807 828 3886 dinoscitur,
863 3811 1048 3874 anxiamur
1074 3820 1114 3875 ut
1138 3817 1249 3894 pater,
1280 3829 1361 3873 sau·

409 3904 541 3972 ciamur
560 3914 599 3970 ut
623 3915 747 3988 mater,
761 3909 798 3972 in
813 3910 946 3987 intimis¹
957 3913 1137 3974 turbamur
1153 3910 1305 3976 amarius
1322 3917 1361 3976 ut

448 4164 584 4229 ¹‘clarior‚'
594 4165 738 4217 inMSS.ol
746 4166 869 4229 Heming·
931 4163 941 4198 ²
957 4166 1071 4217 Omitted
1083 4169 1109 4216 in
1121 4168 1196 4217 MSS.
1204 4167 1233 4216 of
1240 4151 1363 4230 Heming·

408 4235 499 4296 burgh.
891 4237 989 4299 burgh.
