3166 4992
410 463 478 528 256
784 477 994 526 canomcou

264 653 354 693 navus
369 653 388 694 1.
413 636 529 715 babet,
546 637 629 721 qnia
644 637 680 701 in
693 656 734 702 eo
746 637 831 702 fides
845 638 986 712 titubat,
996 633 1139 700 tristitia
1154 633 1364 708 dominatur,

263 704 324 743 ω’
336 705 392 743 Μ’
412 742 511 801 ‘cum
527 731 651 820 quod'¹
670 737 874 820 inquirendo
888 737 1066 820 appetitur
1081 734 1221 798 minime
1243 734 1362 797 inven-

251 789 373 829 Document

250 840 400 938 ffiffih
412 836 494 900 itur.
547 836 635 916 Quis
653 839 744 901 enim
764 837 882 900 credat
901 856 939 900 se
957 835 1059 900 simul
1081 841 1115 898 et
1132 834 1239 898 semel
1262 852 1364 915 posse

251 939 394 1032 mig&
413 937 543 1000 servire
558 937 634 1001 Deo
649 944 685 1000 et
703 937 926 1013 Mammonae,
950 954 991 998 ac
1009 955 1083 998 suae
1098 933 1269 998 voluntati
1287 932 1364 1015 pla-

413 1054 502 1112 cere,
518 1055 579 1100 seu
592 1036 707 1100 carnis
724 1049 759 1100 et
776 1035 956 1117 sanguinis
971 1034 1238 1098 revelationibus
1254 1032 1363 1095 inhae-

413 1153 500 1212 rere,
518 1142 554 1200 et
570 1134 691 1200 offerre
706 1155 850 1199 munera
869 1133 1009 1198 Christo
1025 1134 1157 1216 dignal
1210 1132 1241 1195 Ε
1258 1131 1367 1195 dubio

412 1241 535 1316 pastor
551 1235 610 1316 qui
623 1253 730 1317 supra
740 1236 857 1316 gregis
869 1233 1129 1298 aedificationem
1143 1252 1213 1296 non
1226 1231 1363 1312 vigilat,

413 1334 565 1414 rugienti
580 1333 672 1398 leoni
690 1335 856 1416 quaerenti
872 1353 974 1417 quem
987 1333 1129 1397 devoret
1145 1332 1235 1397 viam
1247 1339 1362 1413 parat.

414 1431 515 1510 Vide,
526 1433 680 1515 inquam,
696 1432 789 1497 facta
801 1433 969 1509 inaudita,
986 1431 1235 1515 ‘nuncupativi
1245 1429 1273 1464 ’²
1289 1431 1362 1494 iilia

414 1531 525 1613 patris
550 1533 615 1609 tui,
641 1532 702 1614 qui
730 1534 840 1596 bonos
871 1540 1031 1615 pastores
1061 1553 1083 1596 a
1106 1531 1216 1595 caulis
1246 1531 1361 1595 ovium

415 1638 566 1707 amovet,
592 1640 629 1696 et
649 1650 732 1696 suos
751 1641 907 1714 nepotes,
929 1632 1204 1714 consanguineos
1226 1638 1262 1695 et
1283 1650 1363 1712 par-

415 1738 524 1806 entes,
539 1730 722 1795 nonnullos
744 1730 862 1796 literas
885 1732 1098 1814 ignorantes,
1114 1738 1150 1795 et
1164 1731 1251 1795 alios
1268 1730 1363 1794 velut

414 1838 530 1893 mutos
556 1836 589 1893 et
616 1831 750 1907 surdoS,
779 1831 896 1894 ovium
922 1831 1106 1895 earundem
1139 1849 1209 1895 non
1237 1831 1364 1894 intelli·

414 1929 1365 2010 gentesbalatum,necde‘morsibus'³ourantes,velnt

415 2029 645 2092 mercenarios
659 2029 789 2093 vellera
800 2029 994 2094 auferentes
1003 2037 1038 2094 et
1051 2036 1221 2094 metentes
1232 2029 1363 2092 semina

414 2128 573 2204 aliorum,
590 2147 659 2192 non
677 2136 717 2192 ut
733 2129 868 2211 prosint
883 2129 943 2194 sed
960 2136 1000 2194 ut
1014 2131 1168 2211 praesint,
1183 2128 1362 2193 constituit

415 2247 478 2309 pro
510 2228 650 2304 eisdem,
680 2247 895 2311 quorumque
920 2246 1042 2292 manus
1064 2229 1099 2292 in
1122 2227 1269 2311 cophino
1291 2245 1363 2290 ser-

415 2327 524 2404 viunt,
551 2333 586 2390 et
611 2347 729 2392 eorum
753 2327 856 2392 dorsa
885 2328 929 2391 ab
951 2329 1113 2393 oneribus
1135 2327 1361 2405 divertuntur.

416 2425 473 2488 Ex
495 2426 620 2508 quibus
643 2427 751 2508 liquet
782 2427 873 2508 quod
899 2427 1129 2492 sacerdotium
1152 2427 1361 2510 pervertitur

415 2523 482 2588 hiis
507 2525 639 2602 diebus,
666 2525 869 2607 obsequium
891 2524 1044 2590 divinum
1078 2527 1302 2602 subtrahitur,
1326 2535 1361 2589 et

415 2623 698 2689 eleemosinarum
741 2624 881 2706 largitio
918 2626 1129 2704 adnullatur,
1171 2647 1232 2709 per
1270 2625 1360 2708 quod

414 2743 548 2805 regum,
570 2711 775 2806 principum,
800 2731 836 2789 et
853 2723 1126 2790 Christianorum
1155 2732 1277 2791 sancta
1301 2725 1360 2787 de·

416 2823 510 2888 votio
530 2830 709 2888 vacuatur.
763 2823 889 2888 Nonne
905 2825 1008 2890 debet
1028 2827 1065 2889 in
1085 2827 1194 2891 oculis
1210 2825 1360 2889 omniurn

415 2923 571 2986 mirabile
598 2923 762 3006 reputavi,
787 2924 879 3005 quod
906 2924 966 2988 ubi
993 2925 1153 2989 Christus
1175 2946 1239 3009 pro
1264 2945 1301 2989 se
1327 2931 1362 2987 et

416 3021 524 3087 Petro
535 3024 674 3105 regibus
682 3023 789 3108 jussit
797 3024 886 3088 solvi
896 3025 1153 3108 tributum,ipse
1162 3045 1244 3089 vero
1257 3043 1363 3105 regna

416 3129 453 3186 et
474 3142 658 3205 regnorum
673 3124 856 3206 principes,
873 3132 995 3188 contra
1008 3124 1223 3189 voluntatem
1246 3123 1362 3206 Ipsius

416 3221 515 3306 cujus
542 3242 580 3287 se
604 3222 688 3287 dicit
709 3241 786 3287 esse
811 3224 990 3300 vicarium,
1012 3224 1072 3305 qui
1094 3244 1117 3288 a
1138 3244 1176 3289 se
1199 3241 1305 3304 regna
1327 3233 1362 3286 et

416 3322 535 3385 mundi
559 3322 693 3406 judicia
723 3322 911 3399 abdicavit,
941 3343 1013 3387 suae
1043 3325 1213 3409 subjicere
1240 3323 1363 3386 nititur

416 3420 550 3496 ditioni,
569 3421 719 3486 dominio
739 3423 794 3484 sni
818 3423 890 3486 stili
905 3423 965 3505 qui
985 3429 1097 3487 totum
1120 3424 1185 3486 sibi
1204 3422 1363 3486 vendicat

416 3518 508 3601 quod
524 3521 710 3602 scripserat
728 3540 802 3584 esse
820 3524 947 3586 suuml
999 3523 1102 3586 Dete
1117 3521 1265 3604 quidem,
1280 3521 1362 3597 iilia,

415 3616 495 3698 plus
523 3619 619 3699 agit:
654 3638 733 3683 ecce
765 3620 873 3684 trahit
900 3621 992 3703 quod
1025 3621 1121 3699 libet,
1150 3641 1214 3686 neo
1247 3627 1363 3685 tamen

417 3723 557 3799 reputat
582 3737 620 3782 se
642 3725 854 3797 contentum,
877 3721 907 3784 si
933 3729 1067 3803 partem
1088 3741 1202 3785 rerum
1225 3727 1363 3784 tuarum

416 3816 584 3883 decimam
606 3817 737 3882 scilicet
759 3838 781 3882 a
802 3828 837 3884 te
857 3829 983 3898 sumat,
997 3821 1063 3884 nisi
1084 3821 1213 3903 primos
1230 3819 1365 3883 fructus

417 3917 657 3982 beneficiorum
673 3925 810 3982 tuorum
827 3919 954 3984 habeat
968 3921 1205 3985 ministrorum
1210 3967 1220 3998 ,
1236 3928 1277 3984 ut
1293 3927 1365 3984 tam
