3166 4992
764 467 975 517 canonicari

282 753 325 783 ,η
366 769 376 831 ·.
498 731 566 795 aaa
579 730 930 818 Anqliaesattliiltna
943 752 1033 797 aaa
1047 732 1083 798 a
1100 732 1249 798 urea.

444 904 525 987 Ipse
540 924 623 969 vero
638 923 702 968 rex
722 906 922 970 convocatis
947 906 1167 988 magnatibus
1192 908 1279 984 suis,
1304 927 1351 972 ex

399 1004 512 1070 edicto
527 1005 752 1087 praeconizari
762 1005 928 1088 praecepit
940 1006 977 1068 in
987 1024 1107 1088 regno,
1121 1007 1214 1089 qnod
1230 1026 1350 1072 omnes

400 1103 460 1186 qui
469 1123 566 1168 arma
574 1105 739 1169 militaria
749 1105 924 1187 suscipere
934 1105 1076 1182 vellent,
1086 1124 1164 1170 cnm
1176 1106 1351 1171 Eduardo

271 1207 283 1236 ⁰
316 1207 368 1287 εἷθ’
399 1203 470 1268 filio
485 1222 560 1280 sno,
574 1204 727 1286 principe
740 1203 892 1280 Walliae,
904 1215 1018 1268 essent
1032 1207 1146 1287 parati
1162 1205 1351 1271 Londoniis

253 1308 282 1386 3„
298 1358 311 1386 ⁸
325 1325 348 1394 ‚¹
399 1302 535 1367 infesto
548 1303 788 1367 Pentecosten:
805 1299 1151 1387 fecitque‘ipserex'¹
1162 1304 1349 1370 honorifice

262 1408 276 1437 ⁸
323 1423 329 1435 ·
399 1401 506 1465 filium
533 1421 633 1465 suum
655 1402 797 1467 militem
821 1403 941 1467 eodem
967 1403 1022 1468 die
1045 1423 1123 1467 cum
1140 1404 1240 1468 novis
1256 1424 1350 1469 oom-

399 1501 609 1565 militonibus
636 1502 793 1566 ducentis
821 1503 1011 1584 nonaginta
1035 1510 1070 1567 et
1099 1511 1229 1585 septem
1253 1504 1349 1579 viris,

400 1601 459 1682 qui
489 1619 623 1665 omnem
654 1608 861 1684 apparatum
893 1621 938 1666 ex
970 1604 1095 1667 aerario
1124 1602 1217 1684 regis
1249 1622 1348 1668 acce·

399 1707 547 1783 perunt3
569 1700 769 1782 statimqne,
786 1721 830 1765 ex
846 1709 1021 1784 praecepto
1036 1702 1159 1784 patris,
1173 1702 1350 1784 praecessit

399 1800 559 1882 princeps
585 1799 677 1864 filius
701 1820 779 1864 cum
804 1801 922 1865 multis
954 1800 1243 1866 commilitonibus
1277 1803 1349 1866 suis

389 1906 435 1964 ‚et
458 1917 585 1980 niagno
609 1907 780 1981 apparatu
810 1900 846 1963 in
876 1900 1040 1976 Scotiam,
1072 1900 1146 1982 ipse
1181 1920 1264 1965 vero
1285 1921 1349 1965 rex

399 2005 435 2062 et
462 1999 583 2081 regina
610 1998 705 2062 lento
733 2000 844 2081 gradu
875 2000 1166 2081 insequebantur3
1194 2000 1349 2084 jusserat

399 2104 515 2161 tamen
530 2118 591 2162 rex
605 2105 644 2162 ut
659 2117 777 2162 omnes
794 2107 910 2162 esseut
923 2100 1125 2181 peraticum
1143 2100 1295 2182 principe
1311 2100 1349 2164 in

398 2197 605 2278 quindenam
627 2197 748 2262 Sancti
765 2197 937 2262 Iohannis
956 2199 1126 2280 Baptistae
1148 2199 1241 2281 apud
1260 2198 1347 2263 Gar·

398 2295 527 2360 liolum.
580 2297 659 2361 Rex
676 2304 792 2360 autem
807 2298 844 2361 in
859 2298 1011 2362 adventu
1024 2317 1088 2362 suo
1110 2299 1236 2362 mansit
1256 2298 1348 2381 apud

399 2394 597 2462 Lanercost.

510 2618 661 2699 Quomodo
675 2621 743 2685 Rau
757 2641 853 2686 nouae
860 2622 1018 2708 monuit
1033 2641 1102 2687 nan
1116 2621 1239 2687 oodric

451 2791 595 2856 Interim
611 2793 686 2877 ipse
705 2813 815 2858 novus
839 2814 900 2858 rex
918 2795 1046 2860 Scotiae
1061 2796 1153 2878 cepit
1175 2795 1348 2876 homagia,

399 2899 435 2955 et
450 2890 530 2956 fecit
548 2892 719 2957 mirabilia
733 2913 880 2974 magna3
898 2901 1179 2977 congregatoque
1192 2895 1347 2959 exercitu

399 2992 539 3072 copioso
554 2992 712 3056 circuivit
729 2993 823 3056 illam
847 2994 1020 3075 regionem
1038 2994 1208 3076 usquead
1224 2994 1344 3058 villam

400 3089 519 3156 Sancti
534 3091 707 3156 iohannis
729 3093 772 3157 de
792 3092 908 3156 Pente.
962 3093 1009 3156 Et
1030 3101 1105 3156 erat
1129 3092 1177 3158 ibi
1201 3094 1238 3158 in
1256 3113 1345 3176 prae-

400 3187 488 3254 sidio
514 3189 673 3255 dominus
701 3191 878 3256 Emericus
907 3192 951 3256 de
973 3191 1141 3256 Wnlence
1167 3193 1238 3256 fere
1266 3211 1344 3256 cum
1440 3206 1443 3212 ’

399 3291 562 3355 trecentis
577 3291 719 3354 armatis
739 3298 775 3355 et
796 3291 1013 3373 pedestribus
1035 3290 1219 3372 aliquibus.
1273 3290 1346 3373 Ap-

398 3399 655 3470 parueruntqne
670 3389 765 3453 Scoti
776 3390 811 3452 in
821 3389 909 3454 albis
920 3391 953 3453 in
964 3408 1092 3471 magna
1103 3390 1343 3470 multitudine;

399 3504 444 3548 ex
475 3496 651 3569 praecepto
677 3489 768 3551 enim
794 3497 830 3552 et
857 3488 1073 3553 ordinatione
1096 3490 1189 3570 regis
1214 3508 1346 3566 eorrun,

399 3602 518 3648 omnes
546 3586 671 3650 armati
697 3587 733 3650 in
759 3587 857 3670 equis
882 3588 1077 3652 habueruut
1101 3606 1204 3669 snper
1230 3589 1345 3653 omnia

398 3701 496 3746 arma
524 3691 655 3749 vestem
682 3685 821 3762 lineam,
846 3687 897 3751 ita
921 3687 1013 3769 quod
1039 3705 1157 3752 omnes
1183 3687 1283 3769 qnasi
1309 3688 1347 3753 in

398 3783 557 3848 camiseis
587 3784 675 3849 albis
703 3786 913 3864 viderentur,
941 3806 1004 3850 nec
1034 3786 1181 3850 discerni
1208 3794 1347 3868 poterat

398 3883 545 3966 quisque
572 3885 628 3949 vel
667 3885 785 3966 qualia
815 3885 963 3950 deferret
1003 3904 1110 3950 arma.
1180 3885 1346 3968 Misitqne

398 4002 460 4046 rex
471 3985 615 4049 nuncios
626 3991 665 4048 ut
677 3985 922 4066 egrederentur
936 3984 1047 4050 nostri
1063 3985 1104 4048 ad
1121 3985 1345 4079 pugnandum

693 4226 699 4254 ¹
719 4232 781 4281 ‘rex
793 4232 883 4296 poten·
896 4232 952 4282 Ms.
965 4233 1060 4283 Lansd.
