3178 4992
249 621 341 661 Bivard
353 621 372 662 1.

247 673 274 710 Δ.
280 672 307 710 D.
316 671 373 712 1297.

235 753 312 793 nurus
321 755 345 792 or

235 803 342 844 Scotlaud.

399 433 465 498 132
612 460 628 514 ό
765 447 976 496 cnnomcou

400 605 488 669 alter
502 624 585 669 vero
606 605 649 668 de
671 605 874 687 Badcnagh‚
900 625 1040 670 suorum
1064 605 1197 670 animos
1214 611 1349 668 mutare

400 725 469 768 non
488 705 616 779 valens,
633 705 760 769 mansit
781 724 859 768 cum
883 705 1023 780 nostriS,
1046 703 1170 768 saltem
1193 722 1349 785 corpore,

399 804 515 866 nescio
540 810 655 867 tamen
678 809 793 866 utrum
815 803 893 868 fide.
946 803 1080 867 Comes
1097 822 1180 867 vero
1203 802 1247 866 de
1262 802 1348 865 Wa-

399 921 515 978 reuua‚
541 901 584 964 de
611 902 779 965 comitatu
805 902 958 965 Eborum
986 901 1176 965 exercitum
1206 921 1348 982 congre·

399 1019 496 1082 gans,
522 1000 690 1081 praemisit
717 1001 853 1064 interim
877 1006 957 1064 anto
979 1019 1017 1064 se
1040 1007 1228 1081 cognatum
1247 1017 1348 1062 suurn

399 1098 574 1162 dominum
605 1096 797 1161 Henricum
824 1099 866 1162 de
893 1098 1017 1180 Pcrcy,
1046 1099 1120 1180 qui
1138 1105 1348 1179 congregato

400 1197 556 1260 exercitu
573 1197 758 1260 comitatus
776 1196 1010 1274 CurliolensiS,
1022 1195 1162 1261 Vallem
1179 1194 1349 1260 Anandiae

400 1294 577 1376 ingressus
605 1303 659 1366 cst
681 1314 759 1359 cum
783 1297 946 1360 trecentis
969 1296 1123 1371 armatis
1141 1302 1177 1358 ct
1199 1295 1348 1376 quadra-

400 1393 500 1473 ginta
522 1392 673 1456 millibus
700 1393 854 1474 peditum
880 1394 1081 1471 electorum,
1104 1394 1196 1457 circa
1221 1393 1348 1457 festum

402 1491 496 1555 beati
511 1490 691 1554 Laurentii
709 1493 880 1574 martyris.
915 1492 1349 1575 Cumquepernoctassent

400 1589 510 1653 nostri
539 1589 632 1671 apud
663 1589 914 1670 Loghmaban‚¹
940 1610 1009 1654 non
1037 1592 1197 1655 timentes
1224 1591 1290 1653 sibi
1314 1592 1349 1653 in

402 1686 530 1771 aliquo,
546 1707 626 1751 ecce
640 1688 763 1752 incolae
779 1688 934 1772 ejusdem
948 1689 1083 1772 patriae,
1099 1709 1158 1753 eos
1176 1696 1350 1773 exterrere

402 1785 571 1862 volentes,
593 1786 693 1868 quasi
716 1794 816 1851 nocte
843 1787 956 1852 media
982 1788 1258 1864 conclamabant,
1281 1808 1348 1851 non

403 1884 541 1965 quidem
558 1884 731 1948 Philistini
747 1885 808 1948 sed
825 1891 848 1921 “
860 1886 956 1951 Scoti
969 1905 1074 1968 super
1089 1887 1184 1950 vos.''
1237 1885 1287 1950 At
1300 1886 1351 1950 illi

403 1991 578 2047 currentes
600 1983 645 2046 ad
666 2002 774 2057 arma,
790 2005 872 2049 mox
895 1986 1132 2067 unusquisque
1154 1984 1293 2050 domum
1316 1986 1351 2048 in

404 2100 474 2163 qua
495 2089 671 2147 manserat
694 2083 850 2147 accendit
866 2083 951 2164 igni,
969 2091 1004 2147 et
1021 2084 1221 2165 conglobati
1242 2085 1349 2147 conti·

403 2199 472 2243 nuo
484 2188 699 2244 recesserunt
708 2201 785 2244 cum
795 2182 940 2262 lumine;
955 2179 1168 2264 profectique
1180 2188 1262 2246 sunt
1272 2183 1351 2245 inde

403 2280 628 2360 permodicas
639 2279 750 2342 dietas
762 2299 872 2362 usque
887 2281 1006 2344 villam
1018 2281 1060 2344 de
1076 2281 1146 2344 Are
1155 2283 1262 2365 juxta
1278 2279 1350 2344 Ga-

404 2377 587 2454 lewaliam,
601 2386 642 2441 ut
657 2377 700 2440 ad
712 2397 834 2460 pacem
852 2379 1073 2445 admitterent
1088 2379 1351 2444 Galwalienses¹

406 2473 563 2556 Cumque
578 2496 647 2540 non
662 2477 837 2542 venissent
852 2478 918 2542 nisi
934 2480 1036 2560 pauci
1057 2486 1247 2561 equestreS,
1263 2499 1352 2542 nun·

405 2575 534 2638 ciatum
550 2582 604 2639 est
619 2575 670 2638 eis
684 2582 764 2657 post
779 2576 931 2640 triduum
946 2576 1038 2659 quod
1055 2577 1236 2642 Scotorum
1251 2596 1350 2641 exer-

406 2673 494 2737 citus
523 2693 592 2737 non
620 2674 771 2738 distabat
799 2676 843 2738 ab
868 2677 918 2739 eis
945 2677 1012 2739 nisi
1039 2678 1153 2759 spatio
1177 2677 1352 2740 leucarum

407 2780 567 2854 quatuor.
619 2771 670 2836 At
686 2772 737 2835 illi
754 2792 886 2838 summo
908 2795 1008 2838 mane
1031 2781 1147 2839 castra
1166 2781 1353 2852 moventes

408 2873 540 2953 egressi
555 2871 686 2936 suntin
701 2891 860 2955 campum
870 2872 977 2956 juxta
991 2874 1141 2957 Irewyn,
1156 2874 1354 2937 ordinantes

408 2972 598 3035 exercitum
628 2978 663 3036 et
695 2970 739 3033 ad
771 2971 897 3035 bellum
930 2992 967 3036 se
996 2981 1179 3055 parantes3
1210 2980 1355 3054 eratque

406 3068 591 3134 Scotorum
607 3071 779 3135 exercitus
794 3091 839 3135 ex
854 3079 953 3153 parte
971 3072 1080 3136 altera
1096 3071 1273 3156 cujusdam
1289 3071 1356 3136 laci

248 3177 392 3228 umrorthe
408 3170 546 3246 modici,
560 3176 595 3233 et
609 3176 730 3234 mutuo
744 3189 782 3234 se
796 3170 970 3235 videbant.
1008 3167 1164 3254 Cumque
1177 3174 1356 3252 magnates

246 3229 341 3270 Scotum

248 3279 323 3319 nobles

230 3343 232 3346 ’
246 3329 335 3370 flubmilr

409 3266 594 3332 Scotorum
627 3270 687 3350 qui
725 3270 773 3333 ibi
810 3269 966 3346 aderant,
1008 3271 1190 3352 episcopus
1226 3271 1357 3333 scilicet

408 3365 656 3448 Glasguensis,
686 3368 895 3432 senescallus
925 3368 1064 3446 Scotiae,
1096 3376 1132 3433 et
1160 3367 1357 3433 Willelmus

413 3464 562 3544 Duglas,
590 3464 746 3529 viderent
778 3485 826 3530 se*
852 3485 929 3530 esse
959 3468 1109 3550 impares
1140 3469 1357 3550 equestribus

411 3563 551 3637 nostris‚·
575 3562 655 3626 licet
676 3565 853 3644 pedestres
873 3572 1009 3653 nostros
1028 3567 1063 3629 in
1086 3566 1192 3649 duplo
1215 3565 1359 3630 excede·

409 3667 500 3737 rent,
515 3661 703 3725 timuerunt
717 3663 795 3740 sibi,
810 3670 856 3737 et,
872 3665 987 3728 missis
1002 3667 1135 3729 nunciis
1151 3665 1193 3728 ad
1210 3660 1359 3741 nostros,

411 3759 583 3841 petierunt
606 3766 722 3839 utrum
752 3770 843 3826 esset
861 3762 909 3827 ibi
934 3763 1060 3846 aliquis
1080 3783 1123 3828 ex
1148 3772 1247 3847 parte
1267 3763 1358 3844 regis

410 3856 550 3940 Angliae
566 3858 625 3941 qui
646 3878 705 3923 eos
728 3859 771 3924 ad
793 3879 914 3943 pacem
940 3863 1093 3945 recipere
1117 3865 1259 3945 possetl
1313 3861 1358 3925 Et

410 3961 577 4040 responso
620 3959 712 4040 quod
730 3949 735 3962 ’
754 3955 815 4036 sic,
857 3961 1039 4025 confestim
1083 3962 1128 4024 ad
1167 3981 1226 4026 eos
1263 3961 1358 4025 venit

434 4173 447 4212 ¹=
461 4175 655 4240 Lochmaben,a
666 4179 737 4240 royul
746 4179 860 4241 borough
872 4179 982 4228 situated
995 4181 1021 4228 in
1032 4180 1076 4228 the
1087 4179 1156 4228 shira
1167 4180 1197 4228 oi
1205 4179 1345 4229 Dumlries.
