3126 4986
426 473 598 521 wlnrmu
622 471 669 519 nn
692 471 977 520 usuruenuaau.
1133 455 1178 520 43

219 652 290 696 non
307 629 508 706 admittens,
524 630 568 692 de
585 629 758 694 communi
774 629 919 693 consilio
930 635 938 664 ‘
950 623 1177 710 magnatum’¹
1204 644 1295 686 muer
1305 645 1324 684 r.

222 751 366 797 suorum
387 730 553 812 praecepit
572 748 688 810 regem
706 728 845 810 Angliaa
870 748 932 811 per
954 729 1094 793 brevem
1117 748 1177 793 vo,
1201 696 1265 735 nn,
1278 697 1335 734 m&

1192 780 1269 818 moneri
1278 779 1344 818 rothe

223 832 308 908 cari,
330 837 426 895 certo
443 829 499 892 die
521 848 626 911 super
648 828 846 911 hujusmodi
867 828 1004 912 injuriis
1022 828 1059 891 in
1082 829 1177 892 ouria
1191 829 1277 918 {gxi

224 951 288 995 sua
304 947 565 1013 responsurum.
588 928 682 1007 Qui,
692 939 771 992 cum
787 927 832 992 ad
844 929 935 991 diem
953 947 1022 992 nou
1035 929 1178 1008 veniret
1191 929 1330 1018 ξῆξξξξώ

224 1038 439 1114 praeceptum
459 1029 527 1093 fuit
548 1035 584 1093 et
604 1047 626 1092 a
649 1029 745 1094 curia
762 1029 855 1109 regis
873 1027 1031 1092 Franciae
1043 1027 1180 1112 judica·
1193 1028 1318 1068 rasura

1192 1082 1304 1118 conturna·

225 1140 312 1207 tum,
328 1128 423 1212 quod
439 1136 516 1193 tota
538 1136 631 1193 terra
650 1147 716 1192 sua
737 1127 971 1196 transmarina
990 1127 1180 1205 saisiretur‚
1193 1129 1319 1218 32225132
1320 1178 1330 1216 s

226 1231 401 1296 etiterum
420 1229 623 1294 recitaretur
640 1227 684 1291 ad
704 1227 794 1291 diem
816 1228 978 1305 altarum,
994 1228 1060 1291 sub
1077 1247 1181 1310 poena
1193 1229 1326 1318 fflgfflffl

227 1329 459 1395 forisfacturae
492 1328 599 1393 totius
627 1334 729 1392 terrm
758 1345 832 1390 snae
861 1326 1102 1392 transmarinae
1129 1328 1330 1392 ra·1³⁰·¹0··¹⁰¹¹¹·

126 1467 130 1472 ·
227 1447 431 1512 sponsurus.
455 1427 536 1493 Rex
549 1435 666 1492 autem
675 1426 815 1508 Angliae
828 1427 1031 1491 seditionem
1043 1428 1180 1503 timens,

230 1537 354 1612 utpote
367 1548 389 1592 a
401 1527 607 1610 quibusdam
625 1527 745 1591 amicis
762 1527 836 1590 suis
849 1527 1089 1608 praemunitus,
1104 1546 1181 1609 per-

228 1629 396 1694 sonaliter
426 1647 496 1692 nen
529 1628 628 1704 adiit,
657 1627 717 1690 sed
748 1626 924 1690 deminum
961 1626 1179 1692 Edmundum

228 1731 372 1794 fratrem
403 1747 504 1792 suum
535 1727 696 1792 comitem
724 1726 934 1810 Laycestriae
964 1746 1042 1791 cnm
1071 1727 1181 1791 literis

230 1830 303 1894 suis
320 1828 365 1892 ad
381 1828 472 1892 diem
483 1832 494 1862 ‘
505 1825 843 1909 utrumque’2misit,
854 1827 890 1890 in
905 1826 1025 1890 eodem
1041 1827 1182 1908 negotio

230 1929 402 1994 facturum
430 1926 524 2009 quod
551 1927 691 2011 justitia
715 1925 901 1997 suaderet;
937 1925 998 2007 qui
1019 1944 1183 2007 cumpro

230 2049 312 2110 rege
334 2025 472 2108 Angliaa
503 2045 581 2092 cum
611 2024 793 2090 sufficienti
817 2024 982 2108 mandato
1003 2043 1048 2087 se.
1068 2030 1182 2088 osten·

232 2127 345 2193 dando
368 2126 505 2191 offerret
519 2145 590 2190 non
611 2129 817 2207 receperunt
830 2143 925 2201 enm,
942 2123 1003 2187 sad
1015 2157 1017 2160 ·
1028 2125 1065 2186 in
1086 2111 1183 2187 ouria

233 2228 323 2309 regis
335 2227 540 2310 judicarunt
553 2225 767 2291 Vasconiam
782 2230 819 2287 et
831 2242 949 2288 omnes
965 2231 1074 2288 terras
1091 2223 1183 2304 regis

234 2327 373 2408 Angliae
390 2325 590 2390 ¹forisfactus
613 2345 676 2407 pre
700 2330 911 2406 contemptu.
964 2323 1048 2405 Ipse
1067 2330 1183 2387 autem

234 2427 391 2492 dominus
417 2422 635 2489 Edmundus³
660 2425 726 2488 sub
749 2443 814 2506 spe
836 2423 933 2506 pacis
955 2422 1183 2488 diversimode

233 2527 399 2592 tractavit
423 2545 503 2589 cum
525 2544 607 2606 rege
634 2523 868 2603 Francorum
900 2524 950 2587 ita
972 2522 1065 2605 quod
1088 2542 1183 2588 com·

235 2627 384 2691 muniter
403 2625 576 2690 diceretur
593 2623 685 2706 quod
704 2643 767 2688 rex
787 2630 905 2688 noster
925 2641 1076 2688 sororem
1092 2623 1184 2704 regis
1231 2692 1232 2696 Ἰ

236 2726 392 2790 Francia
407 2725 549 2790 duceret
563 2723 600 2787 in
617 2718 774 2802 uxorem.
792 2731 828 2788 et
844 2723 960 2787 omnia
976 2723 1183 2805 sopirentur.

233 2826 380 2890 Interim
409 2824 619 2889 senescallus
648 2824 741 2905 regis
764 2819 924 2904 Angliae⁴
945 2823 982 2886 in
1008 2822 1185 2888 Vasconis

150 3002 155 3007 ⁴
234 2926 434 3008 permittere
449 2924 561 2989 uohrit
575 2923 751 2987 ministros
767 2922 861 3004 regis
878 2922 1036 2988 Franciae
1050 2922 1184 2988 Vasco·

236 3027 328 3090 niam
343 3025 478 3107 ingredi
492 3032 532 3093 ut
549 3021 706 3087 saisirent
717 3022 989 3103 eam,fiebatque
1006 3020 1186 3084 altercatio
1221 3086 1223 3091 ,

236 3145 375 3207 magna,
387 3132 530 3207 propter
544 3123 714 3206 quodrex
734 3121 892 3186 Franciae
905 3127 1031 3184 vocato
1049 3118 1186 3182 domino

234 3225 419 3289 -Edmundo
429 3223 567 3306 rogavit
582 3243 660 3308 eum
671 3230 839 3303 tanquam
851 3219 949 3302 pacis
962 3218 1186 3282 mediatorem

232 3333 271 3390 et
290 3326 437 3390 amicum
465 3323 557 3408 quod
581 3324 777 3404 ingressum
804 3339 946 3384 suorum
970 3318 1187 3402 permitteret

237 3424 358 3488 saltem
382 3426 417 3488 in
440 3430 590 3505 quatuor
607 3422 663 3486 vel
686 3421 838 3504 quinque
860 3419 1033 3496 civitates,
1055 3418 1188 3484 seilicet

238 3525 416 3602 Burdewa
434 3524 571 3606 Bayon,
588 3521 737 3602 Langon
754 3527 790 3586 et
807 3519 1047 3595 Mermaunde,
1065 3525 1101 3584 et
1122 3517 1187 3582 hec

237 3625 273 3689 in
292 3644 353 3706 spe
375 3623 485 3706 pacis,
501 3623 619 3687 dicens
644 3640 682 3684 se
697 3639 823 3702 *pacem
844 3620 981 3685 firmare
998 3639 1066 3683 non
1085 3637 1187 3701 posse

237 3725 303 3788 nisi
318 3731 501 3805 magnates
523 3724 578 3787 sui
594 3721 975 3785 viderentsententiam
991 3719 1096 3784 euriae
1113 3736 1186 3782 suae

273 3899 280 3928 ¹
297 3902 305 3930 ‘
312 3899 505 3964 magnatorum,'
516 3899 594 3949 MSS.
724 3897 751 3955 in
762 3912 778 3946 a
788 3896 871 3958 letter,
883 3900 908 3944 to
920 3895 962 3944 the
974 3892 1107 3944 seneschal
1118 3893 1188 3941 John

270 3971 280 4001 ²
297 3967 459 4033 ‘utrimque’
473 3967 699 4020 nisscehem.
724 3967 757 4015 de
769 3966 894 4015 Stlohn.
929 3962 984 4012 The
996 3962 1105 4024 original
1122 3961 1188 4009 isin

235 4043 286 4091 and
297 4041 364 4091 Coti.
374 4042 433 4091 Tib.
725 4037 767 4088 the
775 4035 903 4085 Teucros
909 4032 1023 4082 Londou.
1042 4031 1067 4080 1t
1076 4032 1098 4080 is
1107 4031 1188 4091 print·

270 4109 280 4138 ³
295 4111 320 4159 A
338 4111 478 4173 particular
495 4112 602 4159 account
613 4107 642 4156 of
657 4107 699 4154 the
725 4106 757 4154 ed
774 4105 800 4150 in
813 4104 916 4164 Ryrner‚
929 4101 1046 4162 Foedera,
1059 4101 1076 4149 i.
1089 4103 1147 4149 794.

234 4181 316 4230 whole
338 4181 367 4229 oi
389 4181 441 4230 this
465 4179 619 4228 transaction
644 4189 699 4226 was
759 4171 768 4200 ⁴
785 4172 848 4221 This
866 4171 999 4222 seneschal
1011 4185 1065 4220 was
1076 4170 1144 4221 John
1156 4171 1188 4219 de

234 4252 392 4302 transmittet!
410 4252 444 4312 by
459 4250 551 4298 Princo
571 4247 699 4308 Edmnnd,
724 4245 760 4294 St.
770 4243 846 4292 John.
