3144 4990
401 449 470 514 358
772 465 984 513 cuuoureou

240 637 392 728 rpyffiu.
406 621 499 684 dnm.
551 621 656 684 Scitis
692 629 821 698 autem,
853 622 958 684 immo
988 639 1051 685 vos
1083 627 1118 685 et
1151 621 1211 684 alii
1239 620 1362 684 fideles

243 771 353 820 „w
406 721 529 798 nostri,
558 721 708 801 quadam
735 721 1001 803 participatione
1026 720 1196 795 sensistis,
1220 721 1362 803 quantis

242 821 382 919 {metm
407 819 535 883 immas
556 827 591 884 et
613 837 733 883 sumus
762 837 964 901 guerrarum
981 819 1134 883 lacessiti
1152 820 1359 896 turbinibus,

243 921 361 1016 {¹¹²3ss3„
407 926 443 982 et
474 919 570 982 velut
601 919 637 981 in
678 920 765 982 mari
798 937 925 1000 magno
957 919 1159 1000 procellosis
1193 917 1359 983 fluctibus

243 1019 332 1118 2233}
407 1018 544 1099 agitati.
571 1015 649 1094 Sed,
665 1017 748 1081 licet
762 1023 772 1053 ‘
784 1019 855 1082 sint
868 1017 1043 1082 mirabiles
1059 1017 1227 1080 elationes
1239 1018 1359 1094 maris,

407 1116 597 1181 mirabilior
610 1125 725 1180 tamen
752 1118 857 1180 estin
873 1117 955 1180 altis
969 1115 1185 1191 Dominus,'¹
1201 1117 1262 1197 qni
1276 1136 1356 1198 pro-

407 1215 530 1280 cellam
558 1223 764 1280 convertens
789 1216 825 1278 in
850 1234 984 1292 auram,
1004 1215 1078 1299 iam
1104 1216 1196 1278 inter
1219 1223 1273 1279 tot
1297 1215 1358 1278 ad-

408 1331 510 1378 versa
533 1315 797 1378 clementissime
830 1333 894 1378 nos
918 1315 1085 1397 respexit.
1140 1313 1246 1390 Nam,
1276 1329 1355 1377 cum

407 1410 538 1495 pridem
557 1412 811 1478 ordinassemus
837 1415 1035 1495 passagium
1063 1419 1220 1476 nostrum
1242 1433 1358 1477 neces·

408 1512 538 1574 sarium
555 1529 676 1575 versus
693 1519 811 1594 partes
829 1512 1015 1589 Flandriae,
1036 1512 1194 1576 dominus
1223 1511 1358 1593 Philip-

408 1624 474 1692 pus
499 1611 542 1674 de
557 1610 713 1688 Valesio,
732 1620 933 1694 persecutor
958 1619 1075 1676 noster
1100 1611 1355 1688 infestissimus,

409 1709 474 1773 boc
490 1711 696 1791 praevidens,
714 1711 860 1775 classem
874 1711 1062 1774 maximam
1077 1711 1217 1774 navium
1239 1728 1355 1773 arma·

408 1817 523 1872 tarum
556 1828 662 1893 quam
695 1809 731 1873 iu
759 1810 1050 1892 expugnationem
1079 1809 1188 1873 nostri
1218 1817 1355 1874 nostro-

409 1923 554 1990 rumque
577 1908 730 1972 fidelium
757 1909 874 1991 parari
899 1910 1040 1986 fecerat,
1058 1908 1103 1972 ad
1124 1908 1354 1972 insidiandum

409 2008 509 2071 nobis
543 2008 580 2070 in
612 2015 714 2090 portu
748 2008 791 2070 de
831 2007 948 2072 Swina
978 2008 1183 2084 transmisit,
1220 2014 1261 2071 ut
1294 2009 1351 2072 vel

408 2107 459 2170 sic
474 2125 538 2170 nos
558 2116 699 2190 caperet
714 2108 770 2171 vel
784 2116 941 2171 nostrum
959 2108 1141 2170 transitum
1164 2106 1358 2188 impediret.

409 2204 480 2283 Qui
502 2207 671 2270 transitus
694 2206 736 2283 si,
760 2206 853 2287 quod
882 2207 983 2282 absit,
1009 2205 1131 2269 fuisset
1157 2205 1354 2286 impeditus,

408 2301 519 2368 ardua
534 2306 675 2386 negotia
700 2323 779 2387 qum
800 2305 1041 2387 prosequimur
1057 2304 1203 2368 fuissent
1218 2305 1355 2386 penitus

408 2403 445 2464 iu
461 2403 574 2480 ruina,
591 2404 780 2485 quinimmo
802 2423 865 2467 nos
883 2413 918 2467 et
937 2405 1046 2468 nostri
1069 2403 1254 2466 fuissemus
1268 2405 1356 2467 veri-

408 2499 565 2563 similiter
593 2502 747 2582 periculn
782 2502 992 2566 confusionis
1030 2519 1167 2582 magnae
1196 2502 1352 2585 subjecti.

407 2597 475 2660 Sed
490 2595 588 2661 Deus
614 2600 935 2677 misericordiarum,
950 2602 1070 2665 videns
1096 2620 1159 2664 nos
1186 2601 1355 2665 intentis

407 2695 569 2778 periculis
594 2697 813 2776 constitutos,
830 2699 962 2781 gratius
988 2708 1024 2764 et
1048 2700 1151 2764 citius
1170 2718 1275 2781 quam
1290 2699 1355 2762 bn·

406 2813 511 2860 mana
525 2797 616 2861 ratio
622 2797 781 2879 judicare
796 2806 947 2880 poterat,
961 2799 1056 2862 misit
1067 2799 1167 2862 nobis
1189 2817 1352 2878 magnum

406 2895 530 2958 navale
541 2896 745 2974 subsidium,
762 2905 798 2961 et
809 2899 1023 2980 insperatum
1037 2913 1216 2960 numerum
1240 2914 1353 2960 arma·

406 3003 520 3058 torum
548 3013 589 3058 ac
614 3015 750 3079 semper
770 3005 913 3060 ventum
935 3015 1137 3078 prosperum
1156 2995 1265 3078 juxta
1289 3013 1351 3058 vo-

407 3102 501 3168 tum;
526 3103 563 3159 et
577 3095 641 3172 sic,
659 3097 723 3159 sub
747 3113 809 3178 spe
830 3095 982 3160 coelestis
1004 3095 1137 3170 auxilii,
1156 3102 1191 3158 et
1202 3094 1350 3177 justitias

406 3200 534 3256 nostrae
557 3193 693 3271 fiducia,
708 3193 838 3259 dictum
853 3203 990 3277 portum
1005 3194 1146 3274 navigio
1162 3193 1351 3270 venientes

404 3293 596 3356 invenimus
618 3293 745 3356 dictam
771 3294 928 3370 classem,
944 3300 980 3357 et
996 3292 1113 3356 hostes
1130 3298 1269 3355 nostros
1286 3293 1351 3355 ibi·

404 3389 482 3453 dem
515 3388 753 3471 paratissimos
780 3393 824 3456 ad
862 3392 1033 3474 proelium,
1064 3392 1102 3480 in
1129 3391 1351 3454 mrrltitudine

402 3490 556 3568 copiosa,
581 3491 706 3570 quibus
730 3492 767 3554 iu
793 3491 883 3555 sesto
912 3491 1118 3555 Nativitatis
1146 3490 1264 3553 Sancti
1283 3490 1350 3554 Jo-

402 3585 526 3648 bannis
553 3586 724 3670 Baptistae
751 3591 909 3670 proximo
936 3591 1122 3671 praeterito‚
1150 3588 1244 3670 Ipse,
1267 3607 1349 3670 spes

402 3691 534 3762 nostra,
550 3683 709 3750 Christus
734 3687 843 3765 Deus,
864 3709 926 3771 per
950 3688 1149 3752 condictum
1167 3687 1292 3751 fortem
1313 3696 1351 3752 et

401 3782 566 3862 validum,
597 3805 661 3849 nos
688 3788 876 3868 praevalere
902 3788 1082 3863 concessit,
1110 3786 1205 3850 facta
1233 3792 1350 3866 strage

399 3901 468 3946 nen
484 3883 621 3948 modica
644 3885 812 3950 dictorum
836 3885 998 3962 hostium,
1017 3893 1121 3968 capta
1135 3886 1240 3948 etiam
1263 3905 1349 3966 quo-

399 3983 582 4054 dammodo
619 3991 695 4049 tota
722 3984 902 4061 ‘classe,’²
941 4004 1020 4049 cum
1060 3983 1216 4081 laesione·
1238 3985 1352 4064 gentis

505 4204 620 4257 ¹Psalm
631 4210 773 4264 xciii„v.t.
811 4188 816 4207 ⁷
925 4195 1244 4272 ²‘dietaclasse51uss
