<?xml version="1.0" encoding="UTF-8"?>
<!DOCTYPE html PUBLIC "-//W3C//DTD XHTML 1.0 Transitional//EN"
    "http://www.w3.org/TR/xhtml1/DTD/xhtml1-transitional.dtd">
<html xmlns="http://www.w3.org/1999/xhtml" xml:lang="en" lang="en">
 <head>
  <title>
</title>
<meta http-equiv="Content-Type" content="text/html;charset=utf-8" />
  <meta name='ocr-system' content='tesseract 3.04.00' />
  <meta name='ocr-capabilities' content='ocr_page ocr_carea ocr_par ocr_line ocrx_word'/>
</head>
<body>
  <div class='ocr_page' id='page_1' title='image "./chronicondomini00hamigoog_0250.png"; bbox 0 0 3166 4992; ppageno 0'>
   <div class='ocr_carea' id='block_1_1' title="bbox 413 446 997 512">
    <p class='ocr_par' dir='ltr' id='par_1_1' title="bbox 413 446 997 512">
     <span class='ocr_line' id='line_1_1' title="bbox 413 446 997 512; baseline -0.003 0"><span class='ocrx_word' id='word_1_1' title='bbox 413 446 479 512; x_wconf 72' lang='lat' dir='ltr'><strong>aad</strong></span> <span class='ocrx_word' id='word_1_2' title='bbox 784 462 997 510; x_wconf 76' lang='lat' dir='ltr'><strong>cunourcov</strong></span> 
     </span>
    </p>
   </div>
   <div class='ocr_carea' id='block_1_2' title="bbox 266 618 1364 696">
    <p class='ocr_par' dir='ltr' id='par_1_2' title="bbox 266 618 1364 696">
     <span class='ocr_line' id='line_1_2' title="bbox 266 618 1364 696; baseline -0.005 -11"><span class='ocrx_word' id='word_1_3' title='bbox 266 636 385 677; x_wconf 61' lang='lat' dir='ltr'><strong>mvndi</strong></span> <span class='ocrx_word' id='word_1_4' title='bbox 415 620 458 685; x_wconf 93' lang='lat' dir='ltr'><strong>ad</strong></span> <span class='ocrx_word' id='word_1_5' title='bbox 478 619 741 696; x_wconf 88' lang='lat' dir='ltr'><strong>verberandum,</strong></span> <span class='ocrx_word' id='word_1_6' title='bbox 756 620 1019 696; x_wconf 90' lang='lat' dir='ltr'><strong>vulnerandum,</strong></span> <span class='ocrx_word' id='word_1_7' title='bbox 1042 618 1132 684; x_wconf 87' lang='lat' dir='ltr'><strong>male</strong></span> <span class='ocrx_word' id='word_1_8' title='bbox 1147 618 1364 682; x_wconf 84' lang='lat' dir='ltr'><strong>tractandum</strong></span> 
     </span>
    </p>
   </div>
   <div class='ocr_carea' id='block_1_3' title="bbox 253 687 1364 808">
    <p class='ocr_par' dir='ltr' id='par_1_3' title="bbox 253 687 1364 808">
     <span class='ocr_line' id='line_1_3' title="bbox 264 687 1332 735; baseline -0.028 -9"><span class='ocrx_word' id='word_1_9' title='bbox 264 687 326 726; x_wconf 74' lang='lat' dir='ltr'><strong>au.</strong></span> <span class='ocrx_word' id='word_1_10' title='bbox 339 689 393 727; x_wconf 71' lang='lat' dir='ltr'><strong>icor.</strong></span> <span class='ocrx_word' id='word_1_11' title='bbox 475 721 483 735; x_wconf 80' lang='lat'>‚</span> <span class='ocrx_word' id='word_1_12' title='bbox 608 720 615 733; x_wconf 67' lang='grc'><em>,</em></span> <span class='ocrx_word' id='word_1_13' title='bbox 1211 718 1219 732; x_wconf 24' lang='grc' dir='ltr'><strong>ι</strong></span> <span class='ocrx_word' id='word_1_14' title='bbox 1313 718 1332 732; x_wconf 88' lang='lat'><strong>..</strong></span> 
     </span>
     <span class='ocr_line' id='line_1_4' title="bbox 253 717 1364 808; baseline -0.01 -18"><span class='ocrx_word' id='word_1_15' title='bbox 253 767 307 808; x_wconf 58' lang='lat' dir='ltr'><strong>m</strong></span> <span class='ocrx_word' id='word_1_16' title='bbox 316 769 342 808; x_wconf 61' lang='grc' dir='ltr'><strong>ο,</strong></span> <span class='ocrx_word' id='word_1_17' title='bbox 415 729 451 785; x_wconf 87' lang='lat' dir='ltr'><strong>ct</strong></span> <span class='ocrx_word' id='word_1_18' title='bbox 472 718 743 784; x_wconf 86' lang='lat' dir='ltr'><strong>mterficrendum</strong></span> <span class='ocrx_word' id='word_1_19' title='bbox 761 718 877 802; x_wconf 88' lang='lat' dir='ltr'><strong>plures</strong></span> <span class='ocrx_word' id='word_1_20' title='bbox 892 718 935 783; x_wconf 89' lang='lat' dir='ltr'><strong>de</strong></span> <span class='ocrx_word' id='word_1_21' title='bbox 950 738 1059 801; x_wconf 83' lang='lat' dir='ltr'><strong>regno</strong></span> <span class='ocrx_word' id='word_1_22' title='bbox 1074 725 1194 782; x_wconf 91' lang='lat' dir='ltr'><strong>nostro</strong></span> <span class='ocrx_word' id='word_1_23' title='bbox 1209 738 1245 780; x_wconf 90' lang='lat' dir='ltr'><strong>rn</strong></span> <span class='ocrx_word' id='word_1_24' title='bbox 1259 717 1364 796; x_wconf 86' lang='lat' dir='ltr'><strong>fenis,</strong></span> 
     </span>
    </p>
   </div>
   <div class='ocr_carea' id='block_1_4' title="bbox 251 817 1365 1497">
    <p class='ocr_par' dir='ltr' id='par_1_4' title="bbox 251 817 1365 1497">
     <span class='ocr_line' id='line_1_5' title="bbox 251 817 1365 899; baseline -0.005 -14"><span class='ocrx_word' id='word_1_25' title='bbox 251 818 380 860; x_wconf 58' lang='lat' dir='ltr'><strong>mm</strong></span> <span class='ocrx_word' id='word_1_26' title='bbox 416 819 588 896; x_wconf 88' lang='lat' dir='ltr'><strong>mercatis,</strong></span> <span class='ocrx_word' id='word_1_27' title='bbox 606 825 641 882; x_wconf 88' lang='lat' dir='ltr'><strong>et</strong></span> <span class='ocrx_word' id='word_1_28' title='bbox 657 817 734 882; x_wconf 86' lang='lat' dir='ltr'><strong>aliis</strong></span> <span class='ocrx_word' id='word_1_29' title='bbox 757 819 843 882; x_wconf 91' lang='lat' dir='ltr'><strong>locis</strong></span> <span class='ocrx_word' id='word_1_30' title='bbox 865 818 1009 882; x_wconf 92' lang='lat' dir='ltr'><strong>indicto</strong></span> <span class='ocrx_word' id='word_1_31' title='bbox 1032 817 1212 892; x_wconf 90' lang='lat' dir='ltr'><strong>comitatu,</strong></span> <span class='ocrx_word' id='word_1_32' title='bbox 1227 836 1291 899; x_wconf 92' lang='lat' dir='ltr'><strong>pro</strong></span> <span class='ocrx_word' id='word_1_33' title='bbox 1313 817 1365 880; x_wconf 91' lang='lat' dir='ltr'><strong>in-</strong></span> 
     </span>
     <span class='ocr_line' id='line_1_6' title="bbox 413 914 1362 999; baseline -0.004 -16"><span class='ocrx_word' id='word_1_34' title='bbox 413 919 568 994; x_wconf 87' lang='lat' dir='ltr'><strong>imicitia,</strong></span> <span class='ocrx_word' id='word_1_35' title='bbox 584 917 728 994; x_wconf 88' lang='lat' dir='ltr'><strong>invidia,</strong></span> <span class='ocrx_word' id='word_1_36' title='bbox 746 917 889 982; x_wconf 83' lang='lat' dir='ltr'><strong>malitia</strong></span> <span class='ocrx_word' id='word_1_37' title='bbox 944 917 991 981; x_wconf 85' lang='lat' dir='ltr'><strong>Et</strong></span> <span class='ocrx_word' id='word_1_38' title='bbox 1009 917 1114 980; x_wconf 89' lang='lat' dir='ltr'><strong>etiam</strong></span> <span class='ocrx_word' id='word_1_39' title='bbox 1132 935 1252 997; x_wconf 88' lang='lat' dir='ltr'><strong>proco</strong></span> <span class='ocrx_word' id='word_1_40' title='bbox 1270 914 1362 999; x_wconf 92' lang='lat' dir='ltr'><strong>quod</strong></span> 
     </span>
     <span class='ocr_line' id='line_1_7' title="bbox 414 1015 1364 1101; baseline -0.005 -18"><span class='ocrx_word' id='word_1_41' title='bbox 414 1019 450 1082; x_wconf 90' lang='lat' dir='ltr'><strong>in</strong></span> <span class='ocrx_word' id='word_1_42' title='bbox 466 1017 597 1094; x_wconf 89' lang='lat' dir='ltr'><strong>assisis,</strong></span> <span class='ocrx_word' id='word_1_43' title='bbox 607 1016 749 1101; x_wconf 87' lang='lat' dir='ltr'><strong>juratis,</strong></span> <span class='ocrx_word' id='word_1_44' title='bbox 771 1015 1063 1099; x_wconf 80' lang='lat' dir='ltr'><strong>recognitionibus</strong></span> <span class='ocrx_word' id='word_1_45' title='bbox 1080 1023 1116 1080; x_wconf 89' lang='lat' dir='ltr'><strong>et</strong></span> <span class='ocrx_word' id='word_1_46' title='bbox 1134 1015 1364 1097; x_wconf 90' lang='lat' dir='ltr'><strong>inquisitioni·</strong></span> 
     </span>
     <span class='ocr_line' id='line_1_8' title="bbox 413 1115 1362 1198; baseline -0.004 -16"><span class='ocrx_word' id='word_1_47' title='bbox 413 1119 479 1182; x_wconf 89' lang='lat' dir='ltr'><strong>bus</strong></span> <span class='ocrx_word' id='word_1_48' title='bbox 495 1117 597 1181; x_wconf 90' lang='lat' dir='ltr'><strong>factis</strong></span> <span class='ocrx_word' id='word_1_49' title='bbox 611 1117 655 1181; x_wconf 90' lang='lat' dir='ltr'><strong>de</strong></span> <span class='ocrx_word' id='word_1_50' title='bbox 677 1115 824 1193; x_wconf 86' lang='lat' dir='ltr'><strong>feloniis,</strong></span> <span class='ocrx_word' id='word_1_51' title='bbox 847 1116 953 1198; x_wconf 89' lang='lat' dir='ltr'><strong>positi</strong></span> <span class='ocrx_word' id='word_1_52' title='bbox 969 1116 1111 1180; x_wconf 86' lang='lat' dir='ltr'><strong>fuerunt</strong></span> <span class='ocrx_word' id='word_1_53' title='bbox 1127 1122 1163 1180; x_wconf 91' lang='lat' dir='ltr'><strong>et</strong></span> <span class='ocrx_word' id='word_1_54' title='bbox 1182 1115 1362 1179; x_wconf 86' lang='lat' dir='ltr'><strong>veritatem</strong></span> 
     </span>
     <span class='ocr_line' id='line_1_9' title="bbox 411 1213 1363 1299; baseline -0.002 -19"><span class='ocrx_word' id='word_1_55' title='bbox 411 1218 593 1291; x_wconf 82' lang='lat' dir='ltr'><strong>dixerunt;</strong></span> <span class='ocrx_word' id='word_1_56' title='bbox 608 1216 698 1280; x_wconf 89' lang='lat' dir='ltr'><strong>unde</strong></span> <span class='ocrx_word' id='word_1_57' title='bbox 709 1235 771 1299; x_wconf 87' lang='lat' dir='ltr'><strong>per</strong></span> <span class='ocrx_word' id='word_1_58' title='bbox 778 1214 1038 1280; x_wconf 88' lang='lat' dir='ltr'><strong>conductionem</strong></span> <span class='ocrx_word' id='word_1_59' title='bbox 1051 1213 1249 1298; x_wconf 87' lang='lat' dir='ltr'><strong>hujusmodi</strong></span> <span class='ocrx_word' id='word_1_60' title='bbox 1257 1214 1363 1278; x_wconf 90' lang='lat' dir='ltr'><strong>male·</strong></span> 
     </span>
     <span class='ocr_line' id='line_1_10' title="bbox 413 1313 1363 1398; baseline -0.005 -18"><span class='ocrx_word' id='word_1_61' title='bbox 413 1317 586 1381; x_wconf 88' lang='lat' dir='ltr'><strong>factorum</strong></span> <span class='ocrx_word' id='word_1_62' title='bbox 596 1314 773 1398; x_wconf 86' lang='lat' dir='ltr'><strong>juratores</strong></span> <span class='ocrx_word' id='word_1_63' title='bbox 784 1315 984 1392; x_wconf 88' lang='lat' dir='ltr'><strong>assisarum,</strong></span> <span class='ocrx_word' id='word_1_64' title='bbox 990 1313 1199 1397; x_wconf 83' lang='lat' dir='ltr'><strong>juraturum,</strong></span> <span class='ocrx_word' id='word_1_65' title='bbox 1209 1313 1363 1395; x_wconf 74' lang='lat' dir='ltr'><strong>recogni-</strong></span> 
     </span>
     <span class='ocr_line' id='line_1_11' title="bbox 415 1411 1365 1497; baseline -0.003 -18"><span class='ocrx_word' id='word_1_66' title='bbox 415 1416 549 1480; x_wconf 85' lang='lat' dir='ltr'><strong>tionum</strong></span> <span class='ocrx_word' id='word_1_67' title='bbox 565 1422 602 1478; x_wconf 89' lang='lat' dir='ltr'><strong>et</strong></span> <span class='ocrx_word' id='word_1_68' title='bbox 622 1413 884 1497; x_wconf 83' lang='lat' dir='ltr'><strong>inquisitionum</strong></span> <span class='ocrx_word' id='word_1_69' title='bbox 898 1413 1048 1491; x_wconf 82' lang='lat' dir='ltr'><strong>illarum,</strong></span> <span class='ocrx_word' id='word_1_70' title='bbox 1065 1432 1138 1496; x_wconf 87' lang='lat' dir='ltr'><strong>prae</strong></span> <span class='ocrx_word' id='word_1_71' title='bbox 1154 1414 1277 1478; x_wconf 89' lang='lat' dir='ltr'><strong>timore</strong></span> <span class='ocrx_word' id='word_1_72' title='bbox 1292 1411 1365 1478; x_wconf 91' lang='lat' dir='ltr'><strong>dic·</strong></span> 
     </span>
    </p>
   </div>
   <div class='ocr_carea' id='block_1_5' title="bbox 411 1512 1451 4074">
    <p class='ocr_par' dir='ltr' id='par_1_5' title="bbox 411 1512 1451 4074">
     <span class='ocr_line' id='line_1_12' title="bbox 416 1512 1364 1597; baseline -0.003 -18"><span class='ocrx_word' id='word_1_73' title='bbox 416 1522 530 1580; x_wconf 91' lang='lat' dir='ltr'><strong>torum</strong></span> <span class='ocrx_word' id='word_1_74' title='bbox 552 1513 812 1579; x_wconf 76' lang='lat' dir='ltr'><strong>malefactorum</strong></span> <span class='ocrx_word' id='word_1_75' title='bbox 829 1520 865 1578; x_wconf 88' lang='lat' dir='ltr'><strong>ct</strong></span> <span class='ocrx_word' id='word_1_76' title='bbox 887 1532 1005 1577; x_wconf 87' lang='lat' dir='ltr'><strong>eorum</strong></span> <span class='ocrx_word' id='word_1_77' title='bbox 1030 1513 1213 1590; x_wconf 88' lang='lat' dir='ltr'><strong>minarum,</strong></span> <span class='ocrx_word' id='word_1_78' title='bbox 1235 1512 1364 1597; x_wconf 87' lang='lat' dir='ltr'><strong>saepius</strong></span> 
     </span>
     <span class='ocr_line' id='line_1_13' title="bbox 416 1611 1363 1678; baseline -0.003 -1"><span class='ocrx_word' id='word_1_79' title='bbox 416 1613 597 1678; x_wconf 86' lang='lat' dir='ltr'><strong>veritatem</strong></span> <span class='ocrx_word' id='word_1_80' title='bbox 639 1613 751 1678; x_wconf 88' lang='lat' dir='ltr'><strong>dicere</strong></span> <span class='ocrx_word' id='word_1_81' title='bbox 783 1631 844 1676; x_wconf 91' lang='lat' dir='ltr'><strong>seu</strong></span> <span class='ocrx_word' id='word_1_82' title='bbox 882 1612 994 1677; x_wconf 90' lang='lat' dir='ltr'><strong>dictos</strong></span> <span class='ocrx_word' id='word_1_83' title='bbox 1032 1611 1275 1676; x_wconf 78' lang='lat' dir='ltr'><strong>malefactores</strong></span> <span class='ocrx_word' id='word_1_84' title='bbox 1311 1611 1363 1675; x_wconf 92' lang='lat' dir='ltr'><strong>in·</strong></span> 
     </span>
     <span class='ocr_line' id='line_1_14' title="bbox 417 1710 1364 1786; baseline -0.003 -10"><span class='ocrx_word' id='word_1_85' title='bbox 417 1713 548 1776; x_wconf 88' lang='lat' dir='ltr'><strong>dictare</strong></span> <span class='ocrx_word' id='word_1_86' title='bbox 579 1712 716 1776; x_wconf 84' lang='lat' dir='ltr'><strong>minimo</strong></span> <span class='ocrx_word' id='word_1_87' title='bbox 742 1712 820 1776; x_wconf 89' lang='lat' dir='ltr'><strong>ausi</strong></span> <span class='ocrx_word' id='word_1_88' title='bbox 844 1712 982 1776; x_wconf 88' lang='lat' dir='ltr'><strong>fuerunt</strong></span> <span class='ocrx_word' id='word_1_89' title='bbox 1005 1717 1040 1776; x_wconf 85' lang='lat' dir='ltr'><strong>et</strong></span> <span class='ocrx_word' id='word_1_90' title='bbox 1061 1718 1162 1786; x_wconf 87' lang='lat' dir='ltr'><strong>sunt;</strong></span> <span class='ocrx_word' id='word_1_91' title='bbox 1186 1718 1222 1776; x_wconf 90' lang='lat' dir='ltr'><strong>et</strong></span> <span class='ocrx_word' id='word_1_92' title='bbox 1248 1710 1291 1775; x_wconf 89' lang='lat' dir='ltr'><strong>ad</strong></span> <span class='ocrx_word' id='word_1_93' title='bbox 1311 1711 1364 1774; x_wconf 92' lang='lat' dir='ltr'><strong>in-</strong></span> 
     </span>
     <span class='ocr_line' id='line_1_15' title="bbox 414 1809 1361 1897; baseline 0.001 -23"><span class='ocrx_word' id='word_1_94' title='bbox 414 1811 619 1894; x_wconf 90' lang='lat' dir='ltr'><strong>quirendum</strong></span> <span class='ocrx_word' id='word_1_95' title='bbox 640 1811 683 1876; x_wconf 86' lang='lat' dir='ltr'><strong>de</strong></span> <span class='ocrx_word' id='word_1_96' title='bbox 700 1811 769 1874; x_wconf 89' lang='lat' dir='ltr'><strong>illis</strong></span> <span class='ocrx_word' id='word_1_97' title='bbox 791 1811 852 1894; x_wconf 93' lang='lat' dir='ltr'><strong>qui</strong></span> <span class='ocrx_word' id='word_1_98' title='bbox 875 1809 1072 1897; x_wconf 87' lang='lat' dir='ltr'><strong>hujusmodi</strong></span> <span class='ocrx_word' id='word_1_99' title='bbox 1095 1829 1239 1874; x_wconf 86' lang='lat' dir='ltr'><strong>munera</strong></span> <span class='ocrx_word' id='word_1_100' title='bbox 1257 1809 1361 1875; x_wconf 88' lang='lat' dir='ltr'><strong>dede·</strong></span> 
     </span>
     <span class='ocr_line' id='line_1_16' title="bbox 411 1908 1363 1994; baseline -0.002 -21"><span class='ocrx_word' id='word_1_101' title='bbox 411 1918 497 1975; x_wconf 88' lang='lat' dir='ltr'><strong>runt</strong></span> <span class='ocrx_word' id='word_1_102' title='bbox 511 1917 546 1976; x_wconf 86' lang='lat' dir='ltr'><strong>et</strong></span> <span class='ocrx_word' id='word_1_103' title='bbox 558 1911 655 1987; x_wconf 91' lang='lat' dir='ltr'><strong>dant,</strong></span> <span class='ocrx_word' id='word_1_104' title='bbox 666 1920 702 1974; x_wconf 87' lang='lat' dir='ltr'><strong>et</strong></span> <span class='ocrx_word' id='word_1_105' title='bbox 718 1919 900 1994; x_wconf 87' lang='lat' dir='ltr'><strong>quantum,</strong></span> <span class='ocrx_word' id='word_1_106' title='bbox 915 1917 950 1974; x_wconf 88' lang='lat' dir='ltr'><strong>ct</strong></span> <span class='ocrx_word' id='word_1_107' title='bbox 966 1911 1104 1993; x_wconf 89' lang='lat' dir='ltr'><strong>quibus,</strong></span> <span class='ocrx_word' id='word_1_108' title='bbox 1117 1917 1153 1974; x_wconf 88' lang='lat' dir='ltr'><strong>et</strong></span> <span class='ocrx_word' id='word_1_109' title='bbox 1166 1910 1226 1991; x_wconf 92' lang='lat' dir='ltr'><strong>qui</strong></span> <span class='ocrx_word' id='word_1_110' title='bbox 1242 1908 1363 1993; x_wconf 84' lang='lat' dir='ltr'><strong>hujus-</strong></span> 
     </span>
     <span class='ocr_line' id='line_1_17' title="bbox 414 2009 1361 2092; baseline 0 -19"><span class='ocrx_word' id='word_1_111' title='bbox 414 2010 507 2073; x_wconf 89' lang='lat' dir='ltr'><strong>modi</strong></span> <span class='ocrx_word' id='word_1_112' title='bbox 522 2029 663 2074; x_wconf 86' lang='lat' dir='ltr'><strong>munera</strong></span> <span class='ocrx_word' id='word_1_113' title='bbox 682 2017 887 2092; x_wconf 86' lang='lat' dir='ltr'><strong>receperunt</strong></span> <span class='ocrx_word' id='word_1_114' title='bbox 902 2017 937 2074; x_wconf 91' lang='lat' dir='ltr'><strong>et</strong></span> <span class='ocrx_word' id='word_1_115' title='bbox 953 2009 1134 2092; x_wconf 86' lang='lat' dir='ltr'><strong>recipiunt,</strong></span> <span class='ocrx_word' id='word_1_116' title='bbox 1148 2016 1184 2072; x_wconf 88' lang='lat' dir='ltr'><strong>ct</strong></span> <span class='ocrx_word' id='word_1_117' title='bbox 1200 2027 1222 2071; x_wconf 92' lang='lat' dir='ltr'><strong>a</strong></span> <span class='ocrx_word' id='word_1_118' title='bbox 1237 2009 1361 2090; x_wconf 86' lang='lat' dir='ltr'><strong>quibus</strong></span> 
     </span>
     <span class='ocr_line' id='line_1_18' title="bbox 414 2107 1451 2196; baseline -0.002 -24"><span class='ocrx_word' id='word_1_119' title='bbox 414 2118 450 2172; x_wconf 89' lang='lat' dir='ltr'><strong>et</strong></span> <span class='ocrx_word' id='word_1_120' title='bbox 466 2109 628 2192; x_wconf 88' lang='lat' dir='ltr'><strong>qualiter,</strong></span> <span class='ocrx_word' id='word_1_121' title='bbox 646 2118 681 2173; x_wconf 89' lang='lat' dir='ltr'><strong>et</strong></span> <span class='ocrx_word' id='word_1_122' title='bbox 703 2109 887 2191; x_wconf 91' lang='lat' dir='ltr'><strong>quomodo,</strong></span> <span class='ocrx_word' id='word_1_123' title='bbox 905 2116 941 2173; x_wconf 84' lang='lat' dir='ltr'><strong>ct</strong></span> <span class='ocrx_word' id='word_1_124' title='bbox 957 2109 1018 2191; x_wconf 91' lang='lat' dir='ltr'><strong>qui</strong></span> <span class='ocrx_word' id='word_1_125' title='bbox 1037 2107 1236 2192; x_wconf 90' lang='lat' dir='ltr'><strong>hujusmodi</strong></span> <span class='ocrx_word' id='word_1_126' title='bbox 1255 2107 1361 2171; x_wconf 89' lang='lat' dir='ltr'><strong>male·</strong></span> <span class='ocrx_word' id='word_1_127' title='bbox 1439 2181 1451 2196; x_wconf 45' lang='lat'><strong>·</strong></span> 
     </span>
     <span class='ocr_line' id='line_1_19' title="bbox 414 2207 1361 2284; baseline -0.001 -14"><span class='ocrx_word' id='word_1_128' title='bbox 414 2208 564 2273; x_wconf 86' lang='lat' dir='ltr'><strong>factores</strong></span> <span class='ocrx_word' id='word_1_129' title='bbox 589 2209 624 2271; x_wconf 91' lang='lat' dir='ltr'><strong>in</strong></span> <span class='ocrx_word' id='word_1_130' title='bbox 652 2227 717 2271; x_wconf 89' lang='lat' dir='ltr'><strong>sua</strong></span> <span class='ocrx_word' id='word_1_131' title='bbox 740 2209 874 2272; x_wconf 90' lang='lat' dir='ltr'><strong>malitia</strong></span> <span class='ocrx_word' id='word_1_132' title='bbox 893 2207 1023 2284; x_wconf 88' lang='lat' dir='ltr'><strong>fovent,</strong></span> <span class='ocrx_word' id='word_1_133' title='bbox 1044 2207 1212 2282; x_wconf 87' lang='lat' dir='ltr'><strong>nutriunt,</strong></span> <span class='ocrx_word' id='word_1_134' title='bbox 1231 2212 1267 2270; x_wconf 88' lang='lat' dir='ltr'><strong>et</strong></span> <span class='ocrx_word' id='word_1_135' title='bbox 1289 2225 1361 2269; x_wconf 91' lang='lat' dir='ltr'><strong>ma·</strong></span> 
     </span>
     <span class='ocr_line' id='line_1_20' title="bbox 415 2305 1361 2389; baseline 0.002 -21"><span class='ocrx_word' id='word_1_136' title='bbox 415 2314 583 2372; x_wconf 87' lang='lat' dir='ltr'><strong>nutenent</strong></span> <span class='ocrx_word' id='word_1_137' title='bbox 610 2308 645 2370; x_wconf 92' lang='lat' dir='ltr'><strong>in</strong></span> <span class='ocrx_word' id='word_1_138' title='bbox 679 2308 844 2370; x_wconf 85' lang='lat' dir='ltr'><strong>comitatu</strong></span> <span class='ocrx_word' id='word_1_139' title='bbox 876 2306 1053 2389; x_wconf 85' lang='lat' dir='ltr'><strong>praedicto.</strong></span> <span class='ocrx_word' id='word_1_140' title='bbox 1119 2305 1165 2368; x_wconf 91' lang='lat' dir='ltr'><strong>Et</strong></span> <span class='ocrx_word' id='word_1_141' title='bbox 1192 2305 1237 2371; x_wconf 93' lang='lat' dir='ltr'><strong>ad</strong></span> <span class='ocrx_word' id='word_1_142' title='bbox 1267 2305 1361 2387; x_wconf 85' lang='lat' dir='ltr'><strong>ipsos</strong></span> 
     </span>
     <span class='ocr_line' id='line_1_21' title="bbox 413 2403 1363 2488; baseline 0 -20"><span class='ocrx_word' id='word_1_143' title='bbox 413 2405 667 2482; x_wconf 65' lang='lat' dir='ltr'><strong>malefactores</strong></span> <span class='ocrx_word' id='word_1_144' title='bbox 686 2414 756 2469; x_wconf 87' lang='lat' dir='ltr'><strong>tam</strong></span> <span class='ocrx_word' id='word_1_145' title='bbox 772 2424 833 2488; x_wconf 90' lang='lat' dir='ltr'><strong>per</strong></span> <span class='ocrx_word' id='word_1_146' title='bbox 848 2425 911 2468; x_wconf 87' lang='lat' dir='ltr'><strong>vos</strong></span> <span class='ocrx_word' id='word_1_147' title='bbox 931 2424 1034 2486; x_wconf 88' lang='lat' dir='ltr'><strong>quarn</strong></span> <span class='ocrx_word' id='word_1_148' title='bbox 1052 2424 1113 2488; x_wconf 87' lang='lat' dir='ltr'><strong>per</strong></span> <span class='ocrx_word' id='word_1_149' title='bbox 1127 2403 1363 2468; x_wconf 87' lang='lat' dir='ltr'><strong>vicecomitem</strong></span> 
     </span>
     <span class='ocr_line' id='line_1_22' title="bbox 413 2503 1361 2587; baseline 0 -21"><span class='ocrx_word' id='word_1_150' title='bbox 413 2514 569 2568; x_wconf 85' lang='lat' dir='ltr'><strong>nostrum</strong></span> <span class='ocrx_word' id='word_1_151' title='bbox 591 2505 777 2568; x_wconf 87' lang='lat' dir='ltr'><strong>comitatus</strong></span> <span class='ocrx_word' id='word_1_152' title='bbox 801 2503 969 2587; x_wconf 83' lang='lat' dir='ltr'><strong>praedicti,</strong></span> <span class='ocrx_word' id='word_1_153' title='bbox 987 2503 1220 2579; x_wconf 86' lang='lat' dir='ltr'><strong>arrestandos,</strong></span> <span class='ocrx_word' id='word_1_154' title='bbox 1238 2511 1274 2568; x_wconf 86' lang='lat' dir='ltr'><strong>at</strong></span> <span class='ocrx_word' id='word_1_155' title='bbox 1290 2504 1361 2585; x_wconf 91' lang='lat' dir='ltr'><strong>pri·</strong></span> 
     </span>
     <span class='ocr_line' id='line_1_23' title="bbox 413 2603 1361 2680; baseline -0.001 -13"><span class='ocrx_word' id='word_1_156' title='bbox 413 2621 509 2667; x_wconf 78' lang='lat' dir='ltr'><strong>sonae</strong></span> <span class='ocrx_word' id='word_1_157' title='bbox 536 2610 663 2667; x_wconf 86' lang='lat' dir='ltr'><strong>nostrae</strong></span> <span class='ocrx_word' id='word_1_158' title='bbox 691 2603 897 2680; x_wconf 89' lang='lat' dir='ltr'><strong>liberandos,</strong></span> <span class='ocrx_word' id='word_1_159' title='bbox 928 2610 963 2667; x_wconf 93' lang='lat' dir='ltr'><strong>ct</strong></span> <span class='ocrx_word' id='word_1_160' title='bbox 989 2603 1088 2666; x_wconf 85' lang='lat' dir='ltr'><strong>salvo</strong></span> <span class='ocrx_word' id='word_1_161' title='bbox 1116 2612 1152 2666; x_wconf 85' lang='lat' dir='ltr'><strong>at</strong></span> <span class='ocrx_word' id='word_1_162' title='bbox 1180 2621 1301 2666; x_wconf 88' lang='lat' dir='ltr'><strong>secure</strong></span> <span class='ocrx_word' id='word_1_163' title='bbox 1326 2603 1361 2666; x_wconf 94' lang='lat' dir='ltr'><strong>in</strong></span> 
     </span>
     <span class='ocr_line' id='line_1_24' title="bbox 414 2700 1362 2785; baseline 0.001 -21"><span class='ocrx_word' id='word_1_164' title='bbox 414 2701 533 2766; x_wconf 87' lang='lat' dir='ltr'><strong>eadem</strong></span> <span class='ocrx_word' id='word_1_165' title='bbox 551 2721 614 2785; x_wconf 85' lang='lat' dir='ltr'><strong>per</strong></span> <span class='ocrx_word' id='word_1_166' title='bbox 625 2702 862 2767; x_wconf 82' lang='lat' dir='ltr'><strong>vicecomitem</strong></span> <span class='ocrx_word' id='word_1_167' title='bbox 877 2701 1061 2767; x_wconf 88' lang='lat' dir='ltr'><strong>comitatus</strong></span> <span class='ocrx_word' id='word_1_168' title='bbox 1077 2700 1235 2784; x_wconf 78' lang='lat' dir='ltr'><strong>praedicti</strong></span> <span class='ocrx_word' id='word_1_169' title='bbox 1249 2708 1362 2766; x_wconf 87' lang='lat' dir='ltr'><strong>custo-</strong></span> 
     </span>
     <span class='ocr_line' id='line_1_25' title="bbox 413 2799 1362 2885; baseline 0.001 -22"><span class='ocrx_word' id='word_1_170' title='bbox 413 2800 570 2878; x_wconf 88' lang='lat' dir='ltr'><strong>diendos,</strong></span> <span class='ocrx_word' id='word_1_171' title='bbox 592 2801 643 2865; x_wconf 91' lang='lat' dir='ltr'><strong>ita</strong></span> <span class='ocrx_word' id='word_1_172' title='bbox 665 2802 757 2885; x_wconf 93' lang='lat' dir='ltr'><strong>quod</strong></span> <span class='ocrx_word' id='word_1_173' title='bbox 776 2803 821 2867; x_wconf 88' lang='lat' dir='ltr'><strong>ab</strong></span> <span class='ocrx_word' id='word_1_174' title='bbox 843 2801 962 2865; x_wconf 89' lang='lat' dir='ltr'><strong>eadem</strong></span> <span class='ocrx_word' id='word_1_175' title='bbox 981 2801 1122 2884; x_wconf 88' lang='lat' dir='ltr'><strong>prisona</strong></span> <span class='ocrx_word' id='word_1_176' title='bbox 1145 2799 1241 2864; x_wconf 90' lang='lat' dir='ltr'><strong>nullo</strong></span> <span class='ocrx_word' id='word_1_177' title='bbox 1259 2800 1362 2864; x_wconf 90' lang='lat' dir='ltr'><strong>modo</strong></span> 
     </span>
     <span class='ocr_line' id='line_1_26' title="bbox 414 2899 1363 2982; baseline 0.001 -19"><span class='ocrx_word' id='word_1_178' title='bbox 414 2900 647 2965; x_wconf 87' lang='lat' dir='ltr'><strong>deliberentur</strong></span> <span class='ocrx_word' id='word_1_179' title='bbox 673 2901 747 2965; x_wconf 87' lang='lat' dir='ltr'><strong>sine</strong></span> <span class='ocrx_word' id='word_1_180' title='bbox 774 2899 938 2965; x_wconf 86' lang='lat' dir='ltr'><strong>mandato</strong></span> <span class='ocrx_word' id='word_1_181' title='bbox 965 2907 1085 2964; x_wconf 91' lang='lat' dir='ltr'><strong>nostro</strong></span> <span class='ocrx_word' id='word_1_182' title='bbox 1110 2899 1263 2982; x_wconf 88' lang='lat' dir='ltr'><strong>speciali.</strong></span> <span class='ocrx_word' id='word_1_183' title='bbox 1316 2899 1363 2964; x_wconf 88' lang='lat' dir='ltr'><strong>Et</strong></span> 
     </span>
     <span class='ocr_line' id='line_1_27' title="bbox 414 2998 1362 3081; baseline 0 -19"><span class='ocrx_word' id='word_1_184' title='bbox 414 2999 492 3063; x_wconf 89' lang='lat' dir='ltr'><strong>ideo</strong></span> <span class='ocrx_word' id='word_1_185' title='bbox 522 3000 622 3064; x_wconf 89' lang='lat' dir='ltr'><strong>vobis</strong></span> <span class='ocrx_word' id='word_1_186' title='bbox 650 3000 852 3065; x_wconf 85' lang='lat' dir='ltr'><strong>mandamus</strong></span> <span class='ocrx_word' id='word_1_187' title='bbox 874 3000 967 3081; x_wconf 91' lang='lat' dir='ltr'><strong>qnod</strong></span> <span class='ocrx_word' id='word_1_188' title='bbox 990 2998 1033 3064; x_wconf 89' lang='lat' dir='ltr'><strong>ad</strong></span> <span class='ocrx_word' id='word_1_189' title='bbox 1062 3008 1175 3062; x_wconf 88' lang='lat' dir='ltr'><strong>certos</strong></span> <span class='ocrx_word' id='word_1_190' title='bbox 1204 2999 1292 3062; x_wconf 87' lang='lat' dir='ltr'><strong>diem</strong></span> <span class='ocrx_word' id='word_1_191' title='bbox 1326 3006 1362 3062; x_wconf 89' lang='lat' dir='ltr'><strong>ct</strong></span> 
     </span>
     <span class='ocr_line' id='line_1_28' title="bbox 413 3096 1360 3183; baseline 0.001 -22"><span class='ocrx_word' id='word_1_192' title='bbox 413 3098 541 3175; x_wconf 90' lang='lat' dir='ltr'><strong>locum,</strong></span> <span class='ocrx_word' id='word_1_193' title='bbox 552 3119 640 3182; x_wconf 88' lang='lat' dir='ltr'><strong>quos</strong></span> <span class='ocrx_word' id='word_1_194' title='bbox 657 3097 702 3164; x_wconf 87' lang='lat' dir='ltr'><strong>ad</strong></span> <span class='ocrx_word' id='word_1_195' title='bbox 712 3099 778 3164; x_wconf 92' lang='lat' dir='ltr'><strong>boc</strong></span> <span class='ocrx_word' id='word_1_196' title='bbox 789 3098 1020 3183; x_wconf 82' lang='lat' dir='ltr'><strong>provideritis,</strong></span> <span class='ocrx_word' id='word_1_197' title='bbox 1031 3096 1273 3180; x_wconf 87' lang='lat' dir='ltr'><strong>inquisitiones</strong></span> <span class='ocrx_word' id='word_1_198' title='bbox 1283 3097 1360 3162; x_wconf 89' lang='lat' dir='ltr'><strong>illas</strong></span> 
     </span>
     <span class='ocr_line' id='line_1_29' title="bbox 413 3195 1364 3282; baseline -0.001 -21"><span class='ocrx_word' id='word_1_199' title='bbox 413 3198 563 3276; x_wconf 64' lang='lat' dir='ltr'><strong>faciatis</strong></span> <span class='ocrx_word' id='word_1_200' title='bbox 589 3206 625 3262; x_wconf 88' lang='lat' dir='ltr'><strong>et</strong></span> <span class='ocrx_word' id='word_1_201' title='bbox 649 3207 827 3282; x_wconf 90' lang='lat' dir='ltr'><strong>assumpto</strong></span> <span class='ocrx_word' id='word_1_202' title='bbox 859 3197 1035 3262; x_wconf 87' lang='lat' dir='ltr'><strong>vobiscum</strong></span> <span class='ocrx_word' id='word_1_203' title='bbox 1060 3195 1240 3261; x_wconf 90' lang='lat' dir='ltr'><strong>sufficienti</strong></span> <span class='ocrx_word' id='word_1_204' title='bbox 1262 3216 1364 3280; x_wconf 89' lang='lat' dir='ltr'><strong>posse</strong></span> 
     </span>
     <span class='ocr_line' id='line_1_30' title="bbox 414 3296 1362 3380; baseline 0 -20"><span class='ocrx_word' id='word_1_205' title='bbox 414 3299 600 3363; x_wconf 86' lang='lat' dir='ltr'><strong>comitatus</strong></span> <span class='ocrx_word' id='word_1_206' title='bbox 616 3298 785 3380; x_wconf 87' lang='lat' dir='ltr'><strong>praedicti,</strong></span> <span class='ocrx_word' id='word_1_207' title='bbox 800 3299 830 3364; x_wconf 93' lang='lat' dir='ltr'><strong>si</strong></span> <span class='ocrx_word' id='word_1_208' title='bbox 844 3315 983 3361; x_wconf 89' lang='lat' dir='ltr'><strong>necesse</strong></span> <span class='ocrx_word' id='word_1_209' title='bbox 998 3296 1113 3372; x_wconf 87' lang='lat' dir='ltr'><strong>fuerit,</strong></span> <span class='ocrx_word' id='word_1_210' title='bbox 1127 3296 1238 3360; x_wconf 79' lang='lat' dir='ltr'><strong>dicms</strong></span> <span class='ocrx_word' id='word_1_211' title='bbox 1255 3296 1362 3360; x_wconf 84' lang='lat' dir='ltr'><strong>male-</strong></span> 
     </span>
     <span class='ocr_line' id='line_1_31' title="bbox 413 3395 1362 3469; baseline 0.003 -13"><span class='ocrx_word' id='word_1_212' title='bbox 413 3396 564 3461; x_wconf 87' lang='lat' dir='ltr'><strong>factores</strong></span> <span class='ocrx_word' id='word_1_213' title='bbox 586 3415 703 3460; x_wconf 89' lang='lat' dir='ltr'><strong>coram</strong></span> <span class='ocrx_word' id='word_1_214' title='bbox 726 3395 824 3460; x_wconf 91' lang='lat' dir='ltr'><strong>vobis</strong></span> <span class='ocrx_word' id='word_1_215' title='bbox 850 3397 900 3461; x_wconf 89' lang='lat' dir='ltr'><strong>sic</strong></span> <span class='ocrx_word' id='word_1_216' title='bbox 922 3396 1109 3462; x_wconf 88' lang='lat' dir='ltr'><strong>indictatos</strong></span> <span class='ocrx_word' id='word_1_217' title='bbox 1132 3395 1304 3469; x_wconf 85' lang='lat' dir='ltr'><strong>arestetis,</strong></span> <span class='ocrx_word' id='word_1_218' title='bbox 1327 3402 1362 3460; x_wconf 83' lang='lat' dir='ltr'><strong>et</strong></span> 
     </span>
     <span class='ocr_line' id='line_1_32' title="bbox 412 3494 1362 3577; baseline 0.003 -22"><span class='ocrx_word' id='word_1_219' title='bbox 412 3495 506 3576; x_wconf 91' lang='lat' dir='ltr'><strong>ipsos</strong></span> <span class='ocrx_word' id='word_1_220' title='bbox 523 3495 673 3577; x_wconf 85' lang='lat' dir='ltr'><strong>prisonae</strong></span> <span class='ocrx_word' id='word_1_221' title='bbox 686 3502 809 3559; x_wconf 85' lang='lat' dir='ltr'><strong>nostrae</strong></span> <span class='ocrx_word' id='word_1_222' title='bbox 826 3495 980 3560; x_wconf 83' lang='lat' dir='ltr'><strong>liberatis</strong></span> <span class='ocrx_word' id='word_1_223' title='bbox 996 3495 1158 3560; x_wconf 87' lang='lat' dir='ltr'><strong>informa</strong></span> <span class='ocrx_word' id='word_1_224' title='bbox 1175 3494 1362 3576; x_wconf 85' lang='lat' dir='ltr'><strong>praedicta3</strong></span> 
     </span>
     <span class='ocr_line' id='line_1_33' title="bbox 413 3593 1362 3676; baseline 0.001 -21"><span class='ocrx_word' id='word_1_225' title='bbox 413 3599 449 3657; x_wconf 89' lang='lat' dir='ltr'><strong>et</strong></span> <span class='ocrx_word' id='word_1_226' title='bbox 478 3593 583 3656; x_wconf 86' lang='lat' dir='ltr'><strong>etiam</strong></span> <span class='ocrx_word' id='word_1_227' title='bbox 609 3595 725 3658; x_wconf 84' lang='lat' dir='ltr'><strong>omnia</strong></span> <span class='ocrx_word' id='word_1_228' title='bbox 754 3594 847 3657; x_wconf 90' lang='lat' dir='ltr'><strong>bona</strong></span> <span class='ocrx_word' id='word_1_229' title='bbox 871 3601 906 3658; x_wconf 85' lang='lat' dir='ltr'><strong>et</strong></span> <span class='ocrx_word' id='word_1_230' title='bbox 928 3595 1057 3659; x_wconf 84' lang='lat' dir='ltr'><strong>catalla</strong></span> <span class='ocrx_word' id='word_1_231' title='bbox 1081 3595 1235 3676; x_wconf 89' lang='lat' dir='ltr'><strong>ipsorum</strong></span> <span class='ocrx_word' id='word_1_232' title='bbox 1257 3594 1362 3657; x_wconf 88' lang='lat' dir='ltr'><strong>male-</strong></span> 
     </span>
     <span class='ocr_line' id='line_1_34' title="bbox 412 3685 1361 3777; baseline 0.004 -24"><span class='ocrx_word' id='word_1_233' title='bbox 412 3691 580 3756; x_wconf 90' lang='lat' dir='ltr'><strong>factorum</strong></span> <span class='ocrx_word' id='word_1_234' title='bbox 595 3691 655 3777; x_wconf 93' lang='lat' dir='ltr'><strong>qui</strong></span> <span class='ocrx_word' id='word_1_235' title='bbox 670 3699 728 3756; x_wconf 87' lang='lat' dir='ltr'><strong>‘se</strong></span> <span class='ocrx_word' id='word_1_236' title='bbox 739 3685 764 3718; x_wconf 92' lang='lat'><strong>’¹</strong></span> <span class='ocrx_word' id='word_1_237' title='bbox 778 3695 1015 3758; x_wconf 84' lang='lat' dir='ltr'><strong>subtraxerint</strong></span> <span class='ocrx_word' id='word_1_238' title='bbox 1024 3700 1059 3757; x_wconf 87' lang='lat' dir='ltr'><strong>et</strong></span> <span class='ocrx_word' id='word_1_239' title='bbox 1072 3693 1190 3774; x_wconf 82' lang='lat' dir='ltr'><strong>fugam</strong></span> <span class='ocrx_word' id='word_1_240' title='bbox 1205 3692 1361 3769; x_wconf 84' lang='lat' dir='ltr'><strong>fecerint,</strong></span> 
     </span>
     <span class='ocr_line' id='line_1_35' title="bbox 412 3791 1360 3874; baseline 0.002 -20"><span class='ocrx_word' id='word_1_241' title='bbox 412 3800 595 3873; x_wconf 85' lang='lat' dir='ltr'><strong>postquam</strong></span> <span class='ocrx_word' id='word_1_242' title='bbox 620 3792 662 3855; x_wconf 89' lang='lat' dir='ltr'><strong>dc</strong></span> <span class='ocrx_word' id='word_1_243' title='bbox 689 3791 821 3856; x_wconf 89' lang='lat' dir='ltr'><strong>feloniis</strong></span> <span class='ocrx_word' id='word_1_244' title='bbox 845 3792 1018 3874; x_wconf 83' lang='lat' dir='ltr'><strong>aliquibus</strong></span> <span class='ocrx_word' id='word_1_245' title='bbox 1041 3812 1158 3856; x_wconf 88' lang='lat' dir='ltr'><strong>coram</strong></span> <span class='ocrx_word' id='word_1_246' title='bbox 1182 3792 1281 3856; x_wconf 93' lang='lat' dir='ltr'><strong>vobis</strong></span> <span class='ocrx_word' id='word_1_247' title='bbox 1304 3811 1360 3856; x_wconf 92' lang='lat' dir='ltr'><strong>so-</strong></span> 
     </span>
     <span class='ocr_line' id='line_1_36' title="bbox 412 3890 1361 3975; baseline 0.002 -23"><span class='ocrx_word' id='word_1_248' title='bbox 412 3890 567 3954; x_wconf 80' lang='lat' dir='ltr'><strong>lemniter</strong></span> <span class='ocrx_word' id='word_1_249' title='bbox 581 3892 736 3955; x_wconf 89' lang='lat' dir='ltr'><strong>indictati</strong></span> <span class='ocrx_word' id='word_1_250' title='bbox 763 3891 898 3967; x_wconf 82' lang='lat' dir='ltr'><strong>fuerint,</strong></span> <span class='ocrx_word' id='word_1_251' title='bbox 919 3912 980 3975; x_wconf 89' lang='lat' dir='ltr'><strong>per</strong></span> <span class='ocrx_word' id='word_1_252' title='bbox 997 3893 1233 3956; x_wconf 88' lang='lat' dir='ltr'><strong>vicecomitem</strong></span> <span class='ocrx_word' id='word_1_253' title='bbox 1255 3892 1361 3955; x_wconf 90' lang='lat' dir='ltr'><strong>comi-</strong></span> 
     </span>
     <span class='ocr_line' id='line_1_37' title="bbox 412 3991 1363 4074; baseline 0.005 -20"><span class='ocrx_word' id='word_1_254' title='bbox 412 3997 507 4054; x_wconf 85' lang='lat' dir='ltr'><strong>tatus</strong></span> <span class='ocrx_word' id='word_1_255' title='bbox 524 3992 679 4074; x_wconf 85' lang='lat' dir='ltr'><strong>praedicti</strong></span> <span class='ocrx_word' id='word_1_256' title='bbox 698 3992 734 4054; x_wconf 91' lang='lat' dir='ltr'><strong>in</strong></span> <span class='ocrx_word' id='word_1_257' title='bbox 752 4010 892 4055; x_wconf 89' lang='lat' dir='ltr'><strong>manum</strong></span> <span class='ocrx_word' id='word_1_258' title='bbox 910 3998 1063 4056; x_wconf 88' lang='lat' dir='ltr'><strong>nostram</strong></span> <span class='ocrx_word' id='word_1_259' title='bbox 1082 3991 1242 4073; x_wconf 85' lang='lat' dir='ltr'><strong>capiatis,</strong></span> <span class='ocrx_word' id='word_1_260' title='bbox 1259 3997 1295 4053; x_wconf 88' lang='lat' dir='ltr'><strong>ct</strong></span> <span class='ocrx_word' id='word_1_261' title='bbox 1320 4009 1363 4060; x_wconf 75' lang='lat' dir='ltr'><strong>ea</strong></span> 
     </span>
    </p>
   </div>
   <div class='ocr_carea' id='block_1_6' title="bbox 707 4219 1061 4272">
    <p class='ocr_par' dir='ltr' id='par_1_6' title="bbox 707 4219 1061 4272">
     <span class='ocr_line' id='line_1_38' title="bbox 707 4219 1061 4272; baseline 0.003 -1"><span class='ocrx_word' id='word_1_262' title='bbox 707 4219 714 4248; x_wconf 92' lang='lat'>¹</span> <span class='ocrx_word' id='word_1_263' title='bbox 733 4222 846 4271; x_wconf 80' lang='lat' dir='ltr'><strong>Omitted</strong></span> <span class='ocrx_word' id='word_1_264' title='bbox 857 4222 884 4270; x_wconf 93' lang='lat' dir='ltr'><strong>in</strong></span> <span class='ocrx_word' id='word_1_265' title='bbox 896 4221 954 4271; x_wconf 84' lang='lat' dir='ltr'><strong>MS.</strong></span> <span class='ocrx_word' id='word_1_266' title='bbox 966 4221 1061 4272; x_wconf 80' lang='lat' dir='ltr'><strong>Lansd.</strong></span> 
     </span>
    </p>
   </div>
   <div class='ocr_carea' id='block_1_7' title="bbox 0 0 1588 4992">
    <p class='ocr_par' dir='ltr' id='par_1_7' title="bbox 0 0 1588 4992">
     <span class='ocr_line' id='line_1_39' title="bbox 0 0 1588 4992; baseline 0 0"><span class='ocrx_word' id='word_1_267' title='bbox 0 0 1588 4992; x_wconf 95' lang='lat' dir='ltr'><strong> </strong></span> 
     </span>
    </p>
   </div>
  </div>
 </body>
</html>
