3144 4990
407 471 474 538 ⁴02
774 481 984 534 0110110011

248 659 301 700 2⁶
294 659 341 749 rifi
353 657 397 700 ¹11
409 646 625 727 collegiatae,
634 641 804 721 abbatiae,
821 650 856 708 et
871 643 1056 726 prioratus,
1069 641 1224 724 aliasque
1238 641 1361 705 domos

248 792 294 832 Ἠ,
294 711 391 834 sm,
248 711 602 826 “-ssreiigiosaa
642 743 806 826 praelatos
859 749 894 805 et
934 748 1086 806 rectores
1127 741 1227 805 dictis
1274 736 1362 804 locis

248 842 399 942 mm,
412 845 638 926 assignantes.
690 839 809 905 Terrae
826 859 976 924 quoque,
987 841 1235 922 possessiones,
1251 840 1361 922 patri·

250 942 305 982 ‘¹⁰'
306 942 368 984 ¹¹⁰³·
412 943 540 1020 monia,
558 943 747 1017 libertates,
767 940 1022 1017 advocationes,
1043 945 1260 1021 patronatus,
1283 937 1362 1018 dig-

413 1042 553 1118 nitates,
603 1038 810 1122 praebendae,
856 1035 978 1114 officia,
1016 1036 1183 1113 ecclesiae,
1220 1036 1360 1118 aliaque

413 1142 550 1205 diversa
570 1138 747 1214 beneficia,
765 1137 810 1204 ad
830 1136 931 1200 tinem
955 1137 1052 1199 illum
1079 1144 1115 1200 et
1132 1135 1359 1200 intentionem

413 1239 482 1303 illis
504 1239 684 1318 assignata
705 1242 785 1300 sunt
808 1236 907 1310 locis,
926 1234 1017 1317 quod
1043 1249 1127 1300 cura
1148 1241 1183 1298 et
1207 1235 1360 1314 regimen

414 1338 584 1402 dictorum
599 1335 845 1400 'beneficiorum
862 1332 991 1398 talibus
1012 1333 1126 1397 forent
1141 1332 1281 1408 collata,
1296 1351 1361 1414 per

415 1454 503 1518 qnos
517 1435 696 1499 servitium
705 1434 858 1498 divinum
870 1432 1023 1514 fidesque
1036 1429 1234 1496 Christiana
1245 1439 1362 1495 011001

415 1533 595 1608 honorata,
627 1521 804 1614 ampliata,
833 1538 868 1595 01
899 1532 1073 1607 decorata,
1102 1530 1360 1612 hospitalitates

415 1641 451 1696 01
465 1629 680 1695 eleemosinae
695 1630 809 1709 iactae,
825 1629 970 1696 aedilicia
982 1630 1126 1694 honeste
1143 1635 1358 1706 conservata,
1381 1670 1383 1673 -

415 1749 534 1813 preces
549 1730 674 1794 devote
692 1749 756 1812 pro
779 1728 1020 1794 fundatoribus
1043 1727 1143 1804 ihsae,
1158 1727 1359 1810 parochiani

414 1845 584 1912 pauperes
607 1828 791 1892 confortati
813 1836 848 1892 ct
867 1827 990 1910 adjuti,
1007 1835 1043 1892 et
1065 1825 1198 1892 abillis
1226 1827 1285 1909 qui
1299 1847 1359 1890 cu·

414 1947 489 1992 ram
506 1927 635 1992 habent
649 1929 685 1991 in
700 1926 865 1990 idiomate
882 1927 1022 2009 proprio
1036 1927 1072 1989 in
1086 1925 1359 1990 confessionibus

415 2033 451 2090 et
476 2025 553 2091 aliis
577 2026 681 2108 plene
704 2025 863 2090 instructi
890 2031 926 2088 et
955 2023 1139 2092 informati.
1193 2023 1239 2088 Et
1264 2025 1358 2105 quia,

414 2125 631 2189 sanctissime
663 2134 774 2206 pater,
804 2143 958 2188 errorum
990 2124 1149 2187 notitiam
1176 2131 1212 2186 01
1239 2141 1358 2205 perso·
1431 2188 1433 2190 ,

414 2243 537 2287 narum
552 2223 707 2288 defectus
723 2224 880 2305 partibus
904 2231 975 2288 tam
996 2222 1148 2299 remotis,
1165 2223 1230 2286 nisi
1253 2223 1359 2286 infor·

415 2323 500 2386 mati
513 2323 650 2404 plenius
663 2322 796 2389 10011111
807 2329 843 2386 01
855 2322 1029 2398 instructi,
1044 2321 1221 2386 commode
1233 2320 1360 2385 habere

415 2440 484 2484 nou
510 2419 678 2502 potentin
713 2438 788 2497 nos,
813 2421 954 2503 plenam·
982 2429 1016 2484 01
1045 2427 1174 2485 certam
1200 2421 1359 2484 notitiam

415 2519 808 2585 errorumetdelectuum
816 2518 1118 2601 conditionumque
1127 2537 1361 2602 personarum,

416 2617 651 2698 experimento
689 2616 877 2698 perspicati
917 2617 1143 2698 possidentes,
1183 2618 1362 2682 sanctitati

416 2724 543 2778 vestrae
571 2714 810 2795 significamus
840 2714 1099 2798 quodpropter
1129 2716 1284 2780 diversas
1309 2735 1361 2780 10-

417 2813 641 2887 servationes,
655 2813 882 2895 provisiones,
899 2821 935 2878 et
953 2813 1165 2892 collationes,
1186 2833 1249 2896 per
1272 2833 1362 2896 prae-

418 2910 616 2975 decessores
635 2918 769 2976 vestros
790 2927 945 2976 summos
966 2911 1158 2994 pontifices,
1177 2920 1362 2995 vestroque

418 3018 573 3092 tempore
587 3029 650 3093 per
665 3027 737 3086 vos,
756 3017 855 3092 pater
870 3012 1097 3088 sanctissime,
1111 3012 1244 3092 largius
1259 3012 1363 3078 solito

418 3109 541 3184 factas,
571 3115 643 3172 1010
672 3109 819 3174 diversis
851 3111 1008 3191 personis
1038 3111 1220 3176 nationum
1249 3111 1362 3175 direr-

419 3225 548 3286 sarum,
580 3208 822 3290 aliquibusque
854 3207 1001 3274 inimicis
1031 3208 1171 3286 nostris,
1202 3209 1361 3275 notitiam

418 3306 546 3388 linguae
560 3305 763 3388 Anglicauee
785 3325 853 3369 non
874 3306 1090 3385 habentibus,
1104 3324 1209 3388 quam
1222 3314 1232 3343 ‘
1245 3305 1364 3371 01111’ι

419 3403 700 3470 insufficientibus
737 3412 773 3468 01
815 3405 927 3468 minus
962 3405 1108 3483 idoneis,
1137 3406 1292 3488 pericula
1328 3413 1364 3472 et

420 3503 636 3568 calamitates
668 3504 793 3568 anima
808 3512 1076 3585 consequuntur,
1101 3507 1280 3574 servitium
1312 3505 1364 3569 di-

420 3601 539 3665 vinum
551 3600 773 3678 annihilatur,
783 3602 997 3666 eleemosinae
1013 3603 1275 3680 subtrahuntur,
1285 3603 1366 3667 hos«

419 3698 610 3781 pitulitates
637 3707 793 3781 pereunt,
814 3699 968 3765 ecciesiae
994 3710 1029 3766 01
1054 3701 1201 3766 aedilicia
1229 3703 1363 3766 ruinam

419 3797 605 3878 minantur,
630 3799 757 3862 caritas
786 3801 1017 3880 restringitur,
1041 3817 1125 3865 cura
1149 3809 1186 3866 ct
1210 3803 1365 3882 regimen

420 3898 614 3962 animarum
637 3899 824 3974 evanescit,
850 3898 988 3964 devotio
1013 3899 1133 3982 populi
1162 3901 1365 3977 minoratur,

419 3995 575 4061 honestae
587 3996 687 4080 regni
703 4015 859 4080 personae
870 4006 904 4062 01
918 3997 1138 4075 sufficientes,
1149 4001 1365 4081 promotione

419 4114 573 4177 congrua
604 4105 773 4174 carentes,
800 4097 936 4161 scholas
967 4097 1181 4180 relinquunt,
1211 4097 1366 4162 thesauri

656 4247 668 4281 ⁴
686 4249 811 4313 Snppiied
821 4250 884 4298 from
897 4249 954 4300 MS.
966 4249 1042 4299 Harl.
1054 4253 1113 4300 651.
