3178 4992
264 676 354 718 nunant
363 677 382 716 1.

256 729 318 772 ab.
329 727 385 767 12⁹7,

409 481 474 548 148
774 499 983 547 ennourcon

411 665 509 744 parte
538 657 803 736 ‘deciderant‚’¹
834 668 975 740 rogaret
996 665 1032 723 et
1056 649 1293 740 interpellaret
1317 654 1361 717 ad

248 782 397 854 ff
412 758 508 844 pacis
533 759 704 823 unitatem
730 765 766 822 et
788 777 952 823 amorem.
1005 757 1125 821 Missis
1148 775 1230 838 ergo
1252 754 1362 819 literis

250 865 341 906 rnwsrd

248 916 300 955 calle
310 924 381 963 aprr-

248 965 350 1005 mment.

412 859 499 935 suis,
522 858 661 939 rogavit
677 876 738 921 eos
758 865 798 921 ut
824 858 869 921 ad
894 858 1162 941 parliamentum
1185 874 1299 931 snum,
1321 872 1363 916 ee

413 958 506 1041 quod
531 957 639 1041 patris
664 956 720 1019 sui
743 956 860 1021 locum
883 958 1023 1023 tenebat
1044 957 1079 1020 in
1102 955 1244 1037 Anglia,
1270 953 1364 1018 veni-

414 1066 493 1125 rent
523 1056 713 1120 Londoniis
745 1073 784 1120 x.
819 1057 875 1121 die
905 1056 1067 1121 Octobris
1098 1049 1367 1120 celebrandum.²

416 1156 489 1235 Qui
504 1157 587 1220 novi
604 1156 826 1244 praeceptoris
842 1163 878 1221 et
895 1155 1003 1220 futuri
1024 1155 1190 1238 principis
1205 1159 1367 1234 rogatum

418 1255 677 1338 amplectentes,
709 1263 878 1319 venerunt
908 1255 953 1318 ad
987 1255 1134 1318 eundem
1163 1254 1266 1330 diem,
1297 1271 1367 1316 non

417 1362 534 1419 tamen
562 1354 656 1430 nudi,
684 1354 788 1418 immo
815 1373 894 1418 cum
925 1354 1019 1418 mille
1043 1353 1243 1436 quingentis
1270 1350 1368 1434 equis

420 1454 575 1531 armatis,
597 1460 633 1516 et
659 1472 787 1534 magna
810 1448 967 1536 ‘copia'³
994 1453 1148 1536 peditum
1169 1452 1369 1516 electorum.

422 1552 549 1616 Portas
578 1559 694 1616 tamen
725 1552 879 1617 civitatis
919 1553 1105 1616 noluerunt
1136 1551 1272 1633 ingredi
1305 1550 1369 1613 nisi

421 1652 532 1735 primo
554 1650 801 1716 concederetur
829 1652 879 1715 eis
902 1649 995 1734 quod
1018 1653 1053 1715 in
1081 1652 1238 1715 omnibus
1260 1649 1371 1732 portis

422 1750 574 1817 civitatis
607 1757 816 1832 ponerentur
845 1751 942 1833 prius
976 1749 1138 1816 custodes
1167 1769 1299 1826 eorum,
1326 1767 1370 1812 ne

422 1850 512 1916 sorte
536 1852 666 1932 absque
692 1852 797 1914 armis
827 1851 976 1932 ingressi
1000 1852 1097 1914 velut
1120 1868 1204 1915 oves
1229 1850 1265 1912 in
1289 1846 1370 1912 ovili

423 1951 678 2015 clauderentur.
731 1949 811 2028 Quo
831 1969 1007 2027 concesso,
1030 1950 1177 2031 ingressi
1198 1954 1292 2023 sunt,
1314 1947 1373 2009 ubi

423 2050 563 2114 tandem
590 2057 670 2132 post
690 2051 836 2114 consilia
859 2049 971 2114 multa
992 2058 1029 2113 et
1052 2056 1223 2114 tractatus
1245 2047 1374 2122 uarios,

425 2150 597 2214 mediante
613 2149 800 2213 venerabili
821 2157 921 2232 patre
944 2149 1185 2214 Cantuariensi
1207 2145 1375 2227 archiepi-

427 2270 534 2332 scopo
564 2249 731 2330 magistro
752 2249 885 2313 scilicet
909 2248 1065 2313 Roberto
1090 2249 1134 2313 de
1151 2246 1374 2330 Wynchelsc,

426 2350 528 2433 cujus
555 2348 720 2411 memoria
754 2348 791 2410 in
828 2349 1065 2413 benedictione
1101 2354 1166 2425 est,
1199 2365 1269 2410 non
1310 2345 1377 2408 fuit

429 2448 500 2511 alia
526 2447 637 2511 forma
662 2443 706 2509 ad
737 2465 841 2528 quam
873 2449 1067 2512 consentire
1099 2447 1285 2513 voluerunt
1310 2443 1376 2507 nisi

430 2545 523 2628 quod
551 2546 625 2628 ipse
652 2545 810 2611 dominus
839 2566 902 2610 rex
925 2546 1092 2628 Magnam
1118 2546 1273 2618 cartam,
1298 2563 1377 2608 curn

430 2645 635 2728 quibusdam
680 2644 836 2708 articulis
878 2645 1036 2729 adjectis,
1078 2654 1115 2710 et
1153 2645 1296 2710 Cartam
1335 2640 1378 2706 de

431 2744 591 2822 Foresta,
623 2744 825 2809 concederet
857 2752 892 2808 et
923 2745 1152 2828 confirmaret.
1209 2743 1256 2808 Et
1286 2740 1380 2824 quod

429 2843 563 2906 nullum
595 2843 763 2907 auxilium
797 2863 858 2907 seu
890 2845 1111 2909 vexationem
1143 2862 1165 2907 a
1200 2843 1292 2906 clero
1325 2841 1380 2905 vel

429 2943 560 3026 populo
588 2949 723 3025 peteret
753 2943 810 3008 vel
841 2943 998 3024 exigeret
1027 2944 1064 3007 in
1092 2950 1269 3026 posterum
1300 2943 1379 3004 abs·

431 3062 499 3125 que
548 3049 752 3124 magnatum
792 3041 975 3108 voluntate
1020 3050 1056 3107 et
1104 3061 1258 3107 assensn.
1333 3039 1379 3104 Et

323 3216 327 3220 ,
432 3142 525 3226 quod
567 3139 776 3208 ‘omnem’⁴
817 3142 924 3206 animi
967 3161 1147 3207 rancorem
1192 3140 1381 3204 remitteret

431 3242 494 3319 eis,
527 3251 562 3308 et
603 3243 762 3306 omnibus
801 3241 867 3305 sibi
905 3243 1098 3306 associatis.
1159 3240 1383 3305 Ordinatum-

432 3360 501 3423 que
542 3347 596 3404 est
635 3340 831 3424 hujusmodi
877 3343 1044 3424 seriptum
1083 3341 1118 3404 in
1161 3338 1236 3404 baec
1277 3339 1385 3403 verba

433 3446 647 3520 conceptum.

471 3681 479 3709 ¹
490 3678 500 3706 ‘
506 3677 709 3739 destinaverant,'
717 3677 794 3728 MSS.
802 3677 897 3730 Iansd.

435 3747 486 3797 aud
498 3746 566 3798 cort.
574 3747 653 3807 Vesp.

469 3813 560 3866 ''l'hle
581 3816 732 3878 parliament
753 3829 808 3866 was
829 3831 898 3866 sum.

956 3918 1387 3972 u

434 4027 538 4094 numer,
549 4026 668 4090 Foedera,
679 4039 697 4076 r.
709 4030 767 4076 878.
1045 4025 1051 4041 ·
1111 4027 1118 4040 ·

957 3709 1095 3774 '‘perte,’
1117 3713 1194 3764 MSS.
1221 3713 1288 3765 Coll.
1313 3713 1385 3762 Arm.

922 3781 1119 3834 accoluere.
