3144 4990
422 453 591 503 wsnrruu
617 453 664 500 nn
686 451 969 500 nnurnununcn.
1105 433 1171 501 425

226 609 356 671 Datum
388 610 479 690 apud
519 609 685 673 Sanctum
726 607 922 672 Dionisium
952 607 988 670 in
1022 607 1171 671 Francia
1185 618 1332 710 Efflqqgf·

224 706 351 770 ‘xrv.'¹
368 708 424 774 die
439 709 606 791 Augusti,
622 727 713 774 anno
728 709 852 791 gratiae
868 707 1101 774 n.oooxnv1.’'
1183 722 1333 733 -··

461 939 625 1026 Responsio
646 940 741 1026 noya
756 939 926 1004 Edwardi.

269 1113 429 1196 Philippe
453 1113 496 1178 de
518 1114 662 1178 Valosio
694 1114 813 1179 literas
840 1121 973 1179 vestras
1001 1113 1292 1200 intellexi-mugno-

223 1232 299 1276 mus
333 1232 395 1295 per
430 1233 518 1296 quas
557 1214 655 1278 nobis
688 1214 909 1295 significastis
950 1214 1042 1296 quod
1079 1183 1332 1322 intfflffiffi

224 1311 388 1376 Sanctum
413 1312 624 1377 Germanum
654 1314 697 1376 de
724 1313 841 1378 Pratis
871 1320 972 1377 extra
1002 1313 1169 1390 Parisios,
1182 1334 1247 1382 rur,

223 1411 278 1474 vel
310 1413 400 1475 inter
440 1413 746 1477 Francam-villam
783 1419 818 1476 et
855 1413 1070 1489 Pontasium,
1115 1383 1286 1483 creditit

223 1511 338 1588 Jovis‚
367 1510 522 1589 Sabbati,
553 1512 609 1577 vei
644 1512 700 1575 die
734 1512 928 1588 Dominica,
958 1512 1013 1576 vel
1044 1512 1170 1576 Martis

222 1611 381 1692 proximo
412 1612 636 1693 sequentibus
669 1619 791 1675 contra
823 1631 886 1675 nos
918 1618 954 1675 ot
982 1612 1168 1675 exercitum

222 1714 376 1776 nostrum
400 1710 527 1774 bellum
548 1712 763 1774 committere
785 1710 905 1787 vultis,
928 1718 964 1774 et
991 1711 1084 1792 quod
1106 1730 1170 1776 nos

222 1814 258 1871 et
279 1828 364 1890 gens
383 1817 502 1874 nostra
524 1810 662 1887 damna,
685 1810 952 1886 combustiones,
975 1816 1011 1873 et
1035 1810 1168 1892 depree-

222 1906 380 1973 dationes
399 1910 534 1974 interim
560 1929 628 1973 non
647 1910 911 1974 committamus.
962 1909 1073 1991 Super
1094 1909 1169 1991 qui-

224 2009 289 2071 bus
304 2028 366 2072 vos
381 2008 469 2073 scire
484 2009 630 2073 facimus
648 2009 740 2092 quod
756 2009 791 2071 in
806 2007 933 2072 fiducia
950 2008 1016 2072 Dei
1032 2015 1067 2072 et
1076 2008 1168 2093 juris

225 2109 333 2171 nostri
355 2108 536 2172 clarissimi
552 2109 644 2190 quod
666 2109 701 2172 iu
722 2127 851 2172 corona
867 2107 1024 2173 Francius
1044 2108 1170 2173 habere

225 2208 585 2290 dignoscimur‚quam
600 2209 636 2272 in
650 2207 930 2272 exhaeredatione
940 2216 1070 2285 nostra,
1086 2227 1167 2273 con-

224 2314 280 2371 tra
302 2306 415 2371 Deum
433 2316 469 2372 et
481 2309 667 2392 justitiam,
685 2309 814 2392 injuste
829 2327 998 2390 occupare
1015 2328 1084 2371 non
1099 2308 1168 2372 for·

223 2406 374 2484 midatis‚
391 2427 460 2470 non
479 2409 513 2471 in
532 2407 694 2492 superbia
713 2415 747 2471 et
764 2406 926 2484 elatione,
953 2426 1015 2471 nec
1030 2408 1066 2472 in
1080 2427 1170 2490 pree-

223 2507 429 2588 sumptione,
444 2527 588 2590 regnum
605 2516 761 2571 nostrum
780 2506 937 2570 Franciae
952 2506 1169 2585 intravimus

222 2606 266 2669 ad
299 2607 548 2671 terminandam
580 2626 740 2689 guerram
770 2613 806 2670 et
837 2614 992 2670 nostrum
1030 2606 1169 2685 bellum,

223 2713 366 2770 ‘versus
382 2714 417 2770 te
434 2707 621 2788 dirigentes
635 2708 702 2770 iter
717 2714 872 2770 nostrum
883 2702 922 2786 3²²
933 2706 993 2769 sed
1008 2707 1091 2788 quia
1107 2726 1168 2772 vos

222 2806 283 2886 qui
305 2805 432 2868 bellum
458 2807 558 2887 quasi
584 2807 627 2869 ad
653 2806 818 2886 placitum
843 2806 969 2869 habero
998 2806 1168 2883 valuistis,

223 2910 346 2986 pontes
368 2905 456 2967 inter
473 2925 536 2968 nos
560 2911 595 2968 et
617 2924 679 2968 vos
702 2911 824 2986 sponte
849 2905 1021 2985 prosterni
1042 2904 1167 2982 facitis,

222 3022 265 3065 ne
304 3004 402 3066 vobis
442 3005 720 3086 appropinquare
755 3023 818 3066 noc
856 3023 982 3086 aquam
1025 3003 1168 3068 Secanae

223 3121 403 3184 quousque
422 3103 626 3167 Pussiacum
650 3103 843 3166 veniremus
864 3103 1071 3185 pertransire
1088 3123 1169 3185 pos-

222 3221 357 3282 semus3
380 3202 428 3265 ibi
450 3203 540 3265 enim
564 3209 704 3284 pontem
725 3221 786 3284 per
803 3210 938 3266 vestros
955 3210 1168 3285 prostratum

222 3303 376 3384 reparari
400 3301 555 3378 fecimus,
578 3310 613 3366 et
644 3302 753 3365 tribus
782 3302 902 3366 diebus
925 3321 988 3367 vos
1014 3309 1050 3366 et
1071 3322 1169 3367 exer-

222 3403 327 3465 citum
346 3408 498 3465 vestrum
514 3421 575 3483 per
589 3421 652 3467 vos
673 3409 923 3484 congregatum
937 3402 1064 3465 ibidem
1082 3421 1170 3484 prae-

222 3502 402 3578 stolanteS,
437 3502 624 3565 secundum
661 3502 749 3565 enim
777 3501 988 3565 voluntatem
1016 3509 1169 3566 vestram

223 3621 268 3664 ex
289 3620 359 3664 una
380 3608 480 3682 parte
500 3621 600 3684 aquae
628 3600 684 3666 vel
709 3597 819 3665 altera
837 3592 936 3664 ‘in'³
951 3601 1070 3665 eodem
1092 3603 1170 3667 loco

222 3701 321 3764 nobis
338 3701 496 3764 obviasse
513 3700 695 3784 potuistis3
719 3701 778 3764 sed
797 3700 862 3765 hoc
884 3701 1022 3784 quidem
1045 3703 1171 3779 facere,

221 3800 312 3864 sicut
343 3800 520 3864 evidenter
551 3806 696 3883 apparet
731 3800 780 3864 sic
812 3820 874 3864 vos
907 3819 928 3863 a
959 3802 1058 3864 nobis
1088 3802 1169 3864 sub·

743 3989 754 4022 ²
772 3993 885 4042 Omitted
897 3994 923 4040 in
935 3993 1009 4044 MSS.
1022 3994 1088 4045 Coll.
1100 3996 1170 4045 Trin.

259 4063 265 4092 ¹
284 4065 363 4126 ‘xv.,'
375 4063 451 4112 MSS.
463 4063 528 4112 Coll.
539 4063 609 4114 Trin.
619 4063 650 4111 R.
660 4067 685 4123 5,
710 4062 742 4111 R.
754 4067 778 4124 ὅ,
791 4066 831 4124 10,
842 4063 891 4111 and
903 4062 1003 4113 Cotton.
1015 4064 1085 4112 Nero
1097 4064 1132 4114 D.
1143 4067 1171 4114 ii.

223 4141 262 4197 10,
274 4136 324 4184 and
336 4135 402 4184 eott.
415 4134 485 4182 Nero
497 4132 530 4182 D.
543 4134 570 4183 ii.
711 4129 755 4266 w:
762 4132 1081 4253 1:negsscqqtsSNeGrqllDTiriin
1100 4135 1131 4184 R.
1147 4141 1172 4196 5,
