3178 4992
395 467 461 533 120
762 481 972 529 cunouroou

245 655 365 749 {⁴13qu
395 641 501 718 tuliae,
517 639 747 723 quadraginta
769 638 900 703 solidos
922 630 1153 702 extorserunt.
1198 635 1348 716 Insuper

267 735 273 748 '
300 735 306 748 ’
367 736 380 782 ’-
395 742 560 824 praecepit
574 761 637 804 rex
655 746 694 803 ut
716 745 837 803 contra
851 738 1052 820 passagium
1068 756 1168 800 suum
1185 735 1222 800 in
1239 734 1346 797 Frau-

395 843 486 906 ciam
502 841 544 904 de
566 838 720 924 quolibet
740 839 908 904 comitatu
926 839 1162 920 acciperentur
1180 855 1242 919 per
1257 833 1347 897 vicc-

395 941 556 1006 comitem
577 941 646 1004 duo
672 938 781 1003 millia
807 938 983 1020 quarteria
1011 935 1182 1012 frumenti,
1204 941 1241 998 et
1269 941 1346 996 tan·

394 1040 537 1104 tundam
562 1059 693 1116 avenae,
720 1045 756 1102 et
781 1037 824 1101 ad
848 1044 970 1120 portus
998 1037 1102 1100 maris
1129 1035 1345 1098 ducerentur.

396 1140 611 1222 Factumque
631 1145 685 1202 est
704 1135 814 1215 ‘sic,'l
831 1145 867 1202 et
888 1136 1113 1200 talliabantur
1129 1135 1286 1198 homines
1301 1132 1346 1195 ad

394 1248 525 1303 certum
557 1258 737 1302 numerum
770 1237 1044 1320 quarteriorum
1082 1232 1252 1299 ‘etiam’2
1286 1232 1346 1314 qui

395 1338 536 1402 bladum
552 1358 620 1403 non
634 1337 821 1414 habebant,
837 1336 1096 1418 accipiebantur
1113 1331 1177 1398 ‘et'
1190 1334 1235 1396 ab
1256 1329 1347 1396 eis’³

395 1457 517 1503 carnes
532 1438 667 1502 bovinae
682 1444 717 1501 et
732 1436 881 1519 porcinae
898 1435 941 1498 ad
958 1441 1090 1499 certum
1106 1452 1298 1510 numerum,
1312 1437 1348 1495 et

395 1539 514 1602 multae
530 1538 665 1630 fiebant
676 1536 916 1619 oppressiones
933 1535 969 1598 in
986 1535 1116 1618 populo
1134 1541 1246 1598 terrae.

413 1762 514 1826 domes
527 1759 736 1825 Fluacdmasis
750 1758 1006 1824 concadentium
1021 1778 1091 1822 cum
1106 1757 1185 1843 Repo
1198 1754 1333 1842 Aequa.

234 1945 366 2038 idididii.
442 1925 572 1990 Eodem
589 1945 680 1990 anno
703 1932 838 1989 ‘comes
863 1922 1076 1988 Flandriae’⁴
1091 1943 1113 1988 a
1128 1944 1209 2006 rege
1236 1924 1347 1988 Fran-

234 2047 360 2108 eerqaa
398 2045 515 2090 corum
549 2025 687 2090 domino
719 2045 782 2089 suo
811 2024 975 2107 injuriam
1005 2043 1141 2106 passus,
1173 2042 1250 2088 cum
1271 2024 1346 2107 jam

234 2099 363 2198 deii?
398 2124 525 2189 multas
541 2144 603 2208 pro
620 2145 661 2189 eo
676 2125 897 2190 exhausisset
913 2125 1091 2207 pecunias,
1105 2124 1294 2206 vidensque
1310 2143 1348 2188 se

236 2200 294 2239 Μ’
397 2227 434 2288 in
458 2244 585 2289 vanum
607 2225 785 2290 laborasse
811 2226 871 2306 qui
893 2225 1003 2288 multa
1025 2233 1210 2300 meruerat,
1235 2243 1257 2288 a
1281 2223 1348 2288 fide

398 2324 491 2406 regis
510 2327 564 2389 sui
586 2324 749 2390 desilivit.
801 2325 848 2389 Et
871 2331 908 2388 ut
927 2324 1003 2405 regi
1018 2322 1158 2405 Angliae
1175 2324 1349 2406 acceptior
1439 2401 1440 2404 Ἴ

399 2424 508 2501 fieret,
524 2444 643 2488 omnes
658 2431 786 2488 eterra
801 2443 866 2488 sua
883 2423 1038 2487 Francos
1051 2423 1254 2499 eliminavit,
1270 2443 1349 2486 con·
1487 2407 1490 2419 ⁸

397 2522 621 2606 sidereusque
648 2532 776 2588 terram
803 2543 903 2588 suam
934 2525 1034 2605 quasi
1065 2523 1277 2587 exinanitam
1307 2542 1348 2587 co

398 2622 489 2705 quod
516 2624 610 2688 cives
637 2625 691 2688 sui
721 2623 820 2687 lanas
851 2622 1066 2703 Anglicanas
1096 2629 1131 2687 et
1160 2623 1254 2687 coria
1279 2643 1349 2687 non

399 2722 578 2800 haberent,
600 2730 640 2787 ut
662 2723 845 2787 mercando
869 2722 995 2786 habere
1018 2731 1282 2798 consueverant,
1305 2722 1348 2786 ad

400 2822 625 2904 operandum,
636 2843 714 2887 cum
729 2823 798 2886 sint
810 2823 858 2886 ibi
872 2823 1021 2905 operarii
1036 2822 1148 2899 multi,
1159 2823 1349 2904 piscatores

401 2923 503 2985 etiam
526 2928 627 2987 terrae
649 2943 722 2988 suae
743 2923 998 3005 depauperatos
1024 2942 1065 2986 eo
1088 2922 1180 3005 quod
1203 2922 1347 2985 liberum

402 3022 445 3085 ad
462 3041 556 3086 mare
572 3043 641 3087 non
654 3023 821 3087 haberent
835 3041 1024 3099 accessum,
1039 3021 1227 3104 vidensque
1242 3022 1350 3085 finali-

401 3128 506 3199 ter-se
522 3123 667 3188 ulterius
679 3142 748 3186 non
763 3141 866 3205 posse
881 3123 956 3203 regi
971 3120 1165 3203 Anglorum
1180 3122 1350 3198 resistere,

402 3221 496 3285 misit
527 3222 571 3286 ad
601 3243 677 3286 eum
708 3222 864 3298 nuncios,
896 3228 1016 3302 petens
1049 3228 1085 3285 et
1114 3241 1241 3303 rogans
1271 3239 1350 3304 quae

401 3321 498 3402 pacis
515 3329 647 3386 suntet
668 3322 815 3394 amoris;
844 3318 1043 3403 placuitque
1066 3322 1140 3404 regi
1163 3328 1281 3386 nostro
1297 3341 1350 3384 ro·

402 3428 536 3501 gamm,
551 3430 586 3485 et
600 3422 637 3484 in
659 3421 864 3502 expulsione
891 3420 1104 3485 Francorum
1127 3427 1261 3484 eterra
1286 3439 1349 3484 sua

402 3538 480 3583 eum
496 3519 767 3584 commendando
783 3519 952 3596 laudavit,
965 3519 1157 3601 statuitque
1171 3519 1203 3583 ei
1218 3519 1351 3582 firmam

402 3636 534 3700 pacem,
566 3638 671 3701 quam
696 3619 920 3700 praeconizari
951 3619 1043 3695 fecit,
1075 3626 1111 3683 et
1141 3619 1227 3682 inito
1259 3618 1351 3682 fideli

400 3716 540 3794 foedere,
559 3719 631 3782 cari
646 3717 785 3801 quidem
801 3706 884 3784 facti
901 3726 982 3783 sunt
996 3726 1033 3783 et
1046 3714 1173 3783 amici.⁵

436 3903 444 3934 ¹
462 3908 577 3958 Omitted
588 3909 614 3958 in
626 3910 683 3960 MS.
697 3905 763 3961 Coll.
775 3910 847 3960 Arm.
927 3909 938 3938 ⁵
952 3911 1007 3960 The
1026 3911 1101 3960 letter
1118 3910 1147 3959 of
1166 3910 1352 3960 confederation

436 3970 447 4000 ²
463 3983 506 4028 ‘et
517 3978 611 4041 etiam,'
623 3979 680 4030 MS.
693 3979 761 4031 Gott.
771 3981 829 4030 Tib.
891 3982 1006 4031 between
1012 3981 1055 4029 the
1062 3981 1133 4042 King
1141 3983 1191 4029 and
1200 3980 1260 4042 Guy
1270 3981 1353 4029 Couut

437 4034 448 4064 ⁸
462 4048 574 4112 ‘etiam'
585 4049 642 4101 MS.
656 4050 722 4100 Coll.
734 4051 806 4101 Arm.
890 4052 920 4101 of
928 4052 1051 4100 Flenders
1061 4051 1085 4100 is
1096 4051 1175 4100 dated
1185 4050 1268 4100 onthc
1276 4051 1319 4099 uh
1327 4050 1356 4098 of

437 4109 447 4140 ⁴
464 4119 661 4182 Suppliedtrom
667 4121 862 4171 Tannessstran·
890 4122 1100 4185 January‚1297.
1119 4122 1223 4184 Rymer,
1234 4120 1354 4182 Foedera,

401 4189 489 4250 script.
524 4189 578 4239 The
608 4191 687 4240 entire
715 4191 811 4241 section
839 4192 863 4241 is
889 4191 906 4242 i.
919 4195 976 4241 850.

400 4261 513 4320 wanting
524 4260 550 4308 in
562 4259 621 4308 ΜΒ.
632 4259 698 4310 0011.
708 4261 780 4311 Trin.
