3166 4992
402 469 468 534 202
770 484 981 534 cuaorucos
1047 515 1050 521 .

248 659 374 750 Arogslrgorl.
402 643 543 724 regibus
576 639 715 722 Angliae
752 641 965 722 homagium,
997 638 1200 705 fidelitatem
1239 646 1275 704 et
1312 639 1352 703 li-

270 736 275 748 ·
305 739 310 749 '
371 737 377 751 ⁸
491 743 499 758 ·
681 741 688 755 ·
718 739 725 754 ·
863 742 869 754 ·
1270 745 1280 774 ι

241 755 572 906 astitit:
601 739 1352 922 “littlttltuttttltull}

403 941 761 1006 conventionarerunt
786 940 842 1021 (ut
867 940 982 1004 verbis
1012 939 1167 1022 ejusdem
1199 957 1349 1003 conven-

402 1042 508 1106 tionis
521 1037 678 1123 utamur)
694 1040 833 1104 domino
851 1040 925 1121 regi
938 1039 1091 1121 ‘Angliae
1102 1039 1129 1072 ’³
1147 1045 1182 1103 et
1194 1039 1351 1104 Henrico

403 1142 474 1205 lilio
501 1160 567 1206 suo
594 1139 783 1221 praedictis,
804 1140 897 1221 quod
925 1140 956 1203 si
988 1159 1049 1203 rex
1077 1139 1203 1203 Scotiae
1233 1138 1350 1220 aliquo

402 1261 486 1306 casu
505 1261 526 1304 a
542 1239 709 1303 fidelitate
733 1237 886 1318 ‘regis'⁴
907 1237 1046 1319 Angliae
1070 1245 1106 1302 et
1121 1238 1350 1303 conventione

401 1340 568 1422 praedicta
585 1339 770 1413 recederet,
785 1338 852 1419 ipsi
867 1357 946 1402 cum
959 1338 1100 1402 domino
1115 1357 1197 1420 rege
1212 1336 1349 1419 Angliae

403 1441 580 1515 tenebunt,
611 1439 703 1502 sicut
735 1457 814 1500 cum
845 1438 929 1519 ligio
960 1438 1098 1503 domino
1123 1457 1199 1514 suo,
1228 1444 1351 1502 contra

401 1557 518 1620 regem
557 1537 695 1614 Scotiae,
726 1557 907 1620 quousque
944 1537 989 1601 ad
1023 1537 1224 1602 fidelitatem
1255 1538 1349 1618 regis

402 1637 539 1718 Angliae
569 1637 700 1704 redeat.
754 1635 869 1715 Quam
897 1636 1035 1720 quidem
1066 1638 1348 1720 compositionem

401 1736 524 1801 foelicis
547 1736 793 1801 recordationis
815 1736 1007 1817 Gregorius
1021 1756 1115 1819 papa
1138 1735 1348 1812 1X.,india

401 1838 509 1900 versis
520 1836 695 1918 rescriptis
710 1835 849 1917 regibus
859 1833 999 1917 Angliae
1010 1843 1046 1900 et
1059 1837 1185 1901 Scotiae
1196 1836 1349 1912 directis,

401 1936 580 2000 mandavit
598 1935 743 2000 firmiter
768 1936 957 2012 observari,
972 1937 1227 2000 continentibus
1242 1937 1348 2000 etiam

400 2037 489 2099 inter
510 2043 637 2100 caetera
659 2035 750 2117 quod
765 2034 963 2098 Willelmus
980 2043 1016 2098 et
1032 2034 1231 2100 Alexander
1247 2053 1347 2116 reges

400 2135 594 2212 Scotorum,
610 2136 749 2216 regibus
764 2133 904 2215 Angliae
918 2135 941 2201 J
943 2135 1072 2200 ohanni
1087 2141 1122 2199 et
1137 2135 1292 2199 Henrico
1305 2135 1347 2198 li·

399 2237 493 2316 gium
508 2235 705 2318 homagium
720 2241 755 2298 et
765 2234 964 2298 fidelitatem
979 2234 1153 2309 fecerunt;
1178 2254 1256 2317 quae
1271 2243 1346 2299 ten-

399 2343 501 2399 entur
511 2352 728 2398 successores
739 2353 870 2410 eorum,
881 2336 1036 2411 comites,
1046 2343 1082 2398 et
1091 2337 1239 2399 barones
1250 2333 1347 2416 regni

401 2434 538 2510 Scotiae,
557 2433 643 2517 ipsis
665 2439 700 2497 et
714 2433 786 2496 suis
802 2435 1059 2500 successoribus
1074 2434 1246 2499 exhibere.
1300 2435 1346 2498 Et

398 2533 535 2608 iterum,
553 2532 645 2616 quod
667 2551 745 2597 cum
771 2532 862 2596 idem
883 2553 946 2598 rex
969 2533 1095 2600 Scotiae
1117 2535 1219 2599 homo
1241 2534 1346 2614 ligius

400 2633 446 2696 sit
463 2633 572 2714 ipsius
597 2631 742 2696 Henrici
767 2633 860 2712 regis
883 2631 1033 2716 Angliae,
1050 2641 1086 2698 et
1105 2634 1215 2699 eidem
1237 2633 1347 2697 fideli·

401 2733 484 2795 tatis
507 2729 730 2814 ‘praestitit’⁵
749 2731 998 2815 juramentum,
1016 2754 1086 2817 quo
1111 2753 1149 2798 se
1171 2734 1344 2817 principa-

400 2831 480 2894 liter
501 2832 677 2908 astrinxit,
695 2831 786 2914 quod
810 2833 846 2895 in
872 2833 983 2914 ipsius
999 2834 1096 2916 regni
1110 2844 1145 2899 et
1160 2834 1252 2915 regis
1267 2832 1343 2897 An·

399 2931 480 3012 gliae
501 2932 744 2997 detrimentum
777 2930 862 2995 nihil
884 2931 1009 2998 debeat
1034 2934 1172 3016 penitus
1198 2940 1346 3016 attemp-

400 3037 486 3096 tare.
547 3032 596 3126 'Et
626 3050 719 3114 papa
746 3031 907 3096 Clemens
932 3034 1085 3097 scribens
1108 3035 1182 3115 regi
1204 3031 1344 3114 Angliee

399 3151 462 3213 pro
488 3131 651 3197 Johanne
678 3131 842 3214 episcopo
867 3131 986 3197 Sancti
1009 3131 1170 3210 Andreae,
1198 3133 1346 3215 expulso

398 3232 443 3294 ab
458 3233 659 3316 episcopatu
674 3250 738 3294 suo
752 3251 815 3314 per
828 3251 945 3313 regem
961 3232 1100 3310 Scotiae,
1113 3235 1205 3297 inter
1219 3239 1346 3297 caetera
1393 3219 1396 3224 ¹

398 3333 548 3411 rogavit,
566 3332 659 3413 quod
677 3330 891 3395 Willelmum
915 3352 1031 3414 regem
1047 3333 1174 3398 Scotiae
1191 3340 1344 3396 moveret

397 3437 433 3493 et
460 3431 650 3506 induceret,
679 3437 726 3506 et,
756 3430 786 3493 si
816 3450 957 3496 necesse
989 3433 1104 3510 suerit,
1131 3431 1345 3497 districtione

397 3529 506 3610 regali
521 3528 633 3611 quael
649 3524 908 3610 ‘praeeminet,'⁶
923 3539 959 3596 et
973 3552 1137 3598 concessa
1152 3553 1225 3597 suae
1240 3531 1344 3615 regiae

432 3761 440 3792 ¹
458 3765 605 3815 ‘hminem-
653 3765 686 3813 Et
707 3765 734 3813 in
756 3767 856 3828 signum
917 3766 927 3796 ²
943 3773 1066 3821 ‘barones
1077 3773 1140 3822 dicti
1151 3771 1224 3835 regni
1235 3772 1346 3834 Scotiae‚'

395 3835 858 3898 subjectionishujusmodiidemWil·
882 3842 940 3892 Rot.

395 3906 487 3954 lelmus
518 3921 564 3955 rex
598 3906 690 3954 Scotiae
721 3907 858 3970 capellum,
917 3941 967 3994 ,Ο
996 3947 1024 3992 ,ἢ
1040 3945 1075 3992 d.
1106 3946 1156 3994 Β(

394 3977 518 4036 lanceam,
540 3981 566 4025 et
587 3976 675 4024 sellam
698 3991 759 4024 suos
780 3991 858 4038 super
969 3960 1039 3994 ⁰¹¹⁰
1068 3961 1094 3993 ¹¹¹
1130 3961 1165 3994 ⁰⁶

395 4049 474 4094 altare
485 4046 601 4095 acclesiae
620 4047 688 4095 beati
707 4047 778 4094 Petri
789 4047 857 4096 Ebc
917 4044 927 4074 ⁴
943 4048 952 4074 ‘
958 4047 1063 4110 regum,'
1077 4047 1134 4094 Rot.

393 4117 505 4165 recensis
526 4117 628 4178 obtulit,
649 4131 707 4177 otiu¹
725 4117 752 4164 in
768 4116 856 4166 eadem

394 4185 624 4247 ecclesiausquein
632 4186 780 4235 hodiernum
789 4188 856 4236 diem

393 4260 522 4304 remanent
533 4261 558 4305 et
569 4256 718 4319 senmun,'
729 4258 786 4306 Rot.
917 4249 928 4281 ⁶
945 4253 1111 4316 ‘praeminet,’
1124 4254 1181 4302 Rot.

917 4149 927 4178 ⁵
943 4150 1124 4212 ‘praestiterit’
1135 4151 1193 4200 Rot.
