3178 4992
383 419 447 484 104
754 432 966 503 canonicor

236 609 355 653 arwam.
384 592 485 674 quasi
510 589 681 671 profunda
703 591 911 672 penetravit.
965 589 1033 652 Sed
1055 587 1194 651 tandem
1217 605 1337 650 aseen-

232 663 258 701 A
268 661 293 699 D.
307 661 362 698 1296.

221 743 267 782 Th
277 745 303 782 S
304 751 337 783 ω
385 691 543 754 dentibus
570 690 698 752 nostris
729 709 772 753 ex
800 688 891 753 valle
914 688 1098 771 profunda,
1124 693 1159 750 et
1184 686 1228 749 ad
1254 705 1337 749 con-

221 793 341 890 arelaten
385 789 609 872 grediendum
629 788 886 864 festinantibus
907 788 1087 852 confestim
1111 787 1175 850 et
1165 786 1233 868 rpsi
1255 804 1337 849 con-

221 844 307 983 {¹⁶3}le
294 895 347 981 βω
387 891 557 954 ticuerunt
560 888 789 970 ,directisque
803 887 882 951 hinc
896 896 932 952 et
947 889 1025 978 inde
1039 887 1189 960 aciebus,
1206 886 1338 966 absque

223 989 460 1050 ll¹²¹1⁶¹¹·ulla
490 989 655 1051 dilatione
678 994 798 1051 mutuo
824 988 1000 1070 congressi
1026 993 1120 1062 suut,
1147 985 1277 1048 lanceis
1304 990 1339 1047 et

387 1086 512 1169 gladiis
534 1084 687 1150 vicissim
705 1094 936 1164 occurrentes
956 1097 1002 1162 et,
1022 1093 1060 1150 ut
1076 1085 1209 1167 placuit
1226 1083 1337 1147 Altis·

387 1188 486 1264 simo,
502 1206 582 1250 mox
599 1187 699 1267 quasi
716 1187 752 1249 in
767 1187 887 1268 primis
902 1185 1028 1260 ictibus
1046 1192 1145 1266 terga
1162 1189 1338 1248 verterunt

389 1286 534 1362 Scoti‚e
516 1285 838 1368 etinseqnebantur
859 1285 970 1349 nostri
992 1285 1165 1348 caedentes
1180 1288 1216 1346 et
1230 1281 1338 1346 truci·

388 1386 511 1454 dantes
534 1385 634 1467 quasi
654 1386 770 1466 spatio
788 1402 851 1448 v11.
874 1384 1050 1448 leucarum
1073 1383 1128 1449 vel
1152 1389 1244 1458 octo,
1267 1382 1338 1446 fere

389 1484 565 1565 usquead
593 1484 774 1547 Forestam
798 1485 841 1548 de
867 1482 1049 1567 Selekyrk,
1072 1481 1340 1563 cecideruntque

390 1603 435 1646 ex
453 1585 503 1646 eis
523 1584 659 1647 circiter
682 1582 801 1647 decem
816 1583 936 1648 millia.
971 1583 1072 1647 Unus
1095 1588 1211 1646 autem
1227 1600 1271 1644 ex
1288 1582 1338 1644 eis

390 1683 489 1745 miles
507 1681 821 1759 ‘strenuissimuS,'¹
842 1683 981 1746 nomine
995 1683 1169 1746 Patricius
1187 1680 1229 1744 de
1248 1679 1339 1744 Gra-

390 1781 482 1857 ham,
499 1781 589 1845 inter
611 1783 837 1864 sapientiores
857 1783 955 1863 regni
976 1783 1070 1846 illius
1088 1782 1187 1864 quasi
1208 1781 1338 1863 primus

389 1888 425 1945 et
452 1881 542 1944 inter
572 1883 784 1965 potentiores
814 1881 1057 1959 nobilissimus»,
1086 1901 1164 1944 cum
1193 1881 1340 1962 gloriam

390 1997 464 2048 suae
492 1979 604 2044 laudis
629 1982 781 2058 minuere
804 1981 923 2058 nollet,
952 1981 1074 2045 faciem
1103 2001 1172 2044 non
1201 1981 1340 2060 avertit,

390 2079 450 2150 sed
466 2079 613 2143 viriliter
634 2098 743 2161 agens
761 2100 871 2163 usque
889 2081 932 2144 ad
954 2087 1110 2156 mortem,
1127 2081 1163 2143 in
1180 2078 1247 2143 fine
1263 2088 1339 2144 tan-

390 2179 470 2244 dem
501 2179 631 2243 corruit
659 2181 861 2244 interfectus
887 2180 1026 2244 ibidem.
1090 2179 1253 2244 Collectis
1281 2179 1340 2242 de-

390 2297 485 2342 mum
517 2279 649 2360 spoliiS,
678 2287 714 2344 et
741 2281 992 2344 revertentibus
1023 2280 1151 2343 nostris
1178 2279 1223 2342 ad
1249 2280 1342 2342 obsi-

390 2376 527 2440 dionem
555 2379 795 2456 castrensium‚
819 2399 899 2444 ecce
927 2379 1187 2461 deponebantur
1210 2378 1342 2444 vexilla

391 2494 469 2557 quae
492 2486 613 2541 contra
633 2479 767 2542 ruinam
789 2498 909 2542 eorum
933 2480 1029 2562 prius
1056 2478 1282 2542 elevabantur
1303 2479 1340 2540 in

392 2574 512 2642 altum.
567 2576 712 2641 Confusi
733 2579 821 2642 enim
842 2578 982 2642 fuerant
1004 2585 1039 2642 et
1061 2576 1241 2641 conterriti
1262 2597 1340 2640 curn

392 2694 474 2739 suos
497 2682 531 2738 et
553 2683 651 2758 terga
676 2687 808 2743 vertere
829 2685 864 2742 et
886 2689 1022 2760 partem
1045 2677 1215 2740 corruisse
1235 2677 1341 2740 vidis·

229 2798 320 2846 capture
330 2797 353 2835 or
393 2782 479 2837 sent.
532 2775 623 2857 Regi
650 2777 788 2858 quidem
817 2786 935 2842 nostro
957 2777 993 2839 in
1015 2777 1166 2840 crastino
1193 2777 1343 2842 venienti

231 2849 318 2937 llll?
393 2874 616 2939 reddiderunt
647 2886 810 2953 castrum,
837 2884 1005 2959 ponentes
1037 2877 1073 2938 in
1101 2895 1204 2939 manu
1234 2875 1343 2957 ipsius

394 2973 503 3043 uitam
522 2983 556 3040 et
576 2977 740 3042 membra.
806 2975 932 3040 Noluit
949 2977 1040 3039 enim
1058 2995 1120 3038 rex
1139 2976 1246 3039 ullam
1263 2995 1344 3038 con·

394 3072 558 3137 ditionem
591 3094 777 3156 apponere,
816 3094 928 3157 neque
962 3076 1111 3157 gratiam
1144 3075 1344 3157 promittere

395 3181 564 3255 expecto
588 3181 729 3239 certam.
783 3174 936 3238 Nomina
961 3195 1080 3238 eorum
1105 3175 1165 3256 qui
1188 3175 1345 3256 captiva-

394 3272 521 3335 bantur
545 3280 643 3336 eraut
661 3275 748 3338 ista:
788 3274 984 3339 Willelmus
1010 3293 1123 3338 eomes
1147 3275 1190 3337 de
1219 3273 1345 3351 Rosea,

393 3370 592 3435 Willelmus
636 3391 750 3438 comes
798 3373 839 3436 de
885 3371 1104 3450 ‘Asthelle,'⁹
1145 3373 1346 3437 Alexander

395 3488 509 3532 comes
539 3470 582 3532 de
611 3470 801 3537 Meneteth.
854 3471 944 3537 Item
975 3475 1134 3550 barones,
1166 3473 1346 3537 Johannes

395 3567 487 3631 filius
518 3567 690 3633 Johauuis
724 3570 871 3654 Comyn,
902 3572 1099 3636 Willelmus
1139 3572 1181 3634 de
1217 3570 1347 3637 Sancto

396 3666 510 3742 Clare,
539 3668 711 3732 Ricardus
737 3670 893 3752 Syward,
922 3672 1101 3736 lohannes
1132 3671 1221 3734 filius
1253 3670 1346 3735 Gau-

394 3765 475 3830 t'ridi
497 3767 539 3830 de
563 3767 738 3832 Moubrai.
785 3769 873 3833 Cum
896 3771 973 3835 istis
997 3772 1100 3836 etiam
1127 3772 1346 3852 magnatibus

395 3867 526 3930 inventi
549 3873 630 3930 sunt
648 3874 683 3931 et
698 3870 792 3951 capti
813 3870 958 3950 triginta
974 3891 1063 3934 unus
1079 3871 1218 3946 militae,
1241 3879 1275 3934 et
1293 3890 1347 3934 ar-

396 3967 519 4047 migeri
552 3974 702 4044 centum,⁴
733 3975 768 4032 et
800 3968 869 4032 duo
900 3970 1027 4046 clerici,
1056 3971 1189 4035 scilicet
1216 3970 1350 4033 Johan-

432 4189 440 4222 ¹
460 4190 609 4258 ‘strennua‘
622 4196 678 4244 MS.
690 4191 755 4246 coll.
767 4196 838 4245 Arm.
921 4193 931 4221 ⁹
948 4197 1113 4260 ‘Asshetolt’
1127 4198 1184 4246 MS.
1197 4197 1263 4247 Cott.
1275 4198 1332 4247 Tib.
