3178 4992
774 471 982 520 cflaomcon

256 775 346 815 nomu
355 777 374 816 1.
807 754 887 818 Item
902 753 982 820 abiu.

249 826 276 863 s.
287 825 313 864 u.
324 829 382 868 uss,

240 879 390 890 —n-——..

241 943 377 1044 {r‘ssfflory
455 925 661 1004 Universis,¹
678 935 743 992 etc.
789 926 951 1004 Carolus,
966 926 1058 990 filius
1074 926 1167 1008 regis
1184 925 1355 1002 Franciae,

240 1044 336 1083 between

242 1093 321 1133 Frunee
330 1096 372 1135 und

241 1143 348 1186 Seousnu.
403 1171 454 1218 quo
473 1169 560 1218 supra,
572 1155 669 1205 Datum
687 1156 806 1206 Parisios
824 1157 867 1205 die
893 1168 978 1217 queux
989 1157 1008 1205 il
1019 1155 1241 1205 liusseuerernille
1249 1154 1357 1204 liverees

402 1239 479 1275 xxm.
492 1226 620 1288 Octobris,
639 1240 705 1275 ιιιιιιο
721 1231 782 1287 eto,
800 1240 868 1288 prae·
892 1226 1043 1288 desterlings
1056 1241 1087 1275 en
1104 1230 1183 1274 terres
1194 1225 1228 1273 od
1235 1225 1357 1287 jurisdic-

403 1294 489 1358 dieto,'
501 1295 558 1344 MS.
571 1295 665 1345 Lansd.
892 1297 958 1344 tions
968 1300 995 1344 et
1005 1297 1038 1344 od
1054 1299 1119 1344 totes
1130 1309 1244 1344 maneres
1259 1295 1291 1344 de
1298 1297 1355 1356 jus-

439 1362 448 1394 ¹
467 1365 607 1427 Subjoined
624 1365 647 1414 is
663 1379 679 1413 a
696 1363 794 1413 Frenoh
813 1380 869 1414 ver·
892 1366 965 1427 tices,
976 1367 1021 1426 qui
1038 1369 1204 1426 napartenent
1220 1379 1278 1425 mye
1296 1379 1313 1413 u
1329 1363 1356 1412 lu

404 1435 460 1484 sion
467 1435 497 1483 ol
504 1435 546 1484 the
554 1436 634 1484 abore
641 1435 783 1496 document,
790 1434 868 1484 taken
892 1435 971 1484 roiule
982 1450 1082 1497 corone,
1090 1450 1122 1485 eu
1133 1435 1171 1484 les
1178 1435 1250 1484 lieux
1260 1433 1356 1483 desouz

403 1504 466 1552 from
485 1519 502 1553 u
522 1510 712 1566 contemporary
732 1505 868 1566 transcript
892 1505 996 1564 escritz3
1020 1511 1074 1554 cest
1089 1505 1189 1554 asavoir
1206 1504 1238 1552 de
1251 1503 1355 1565 Buillol,

404 1575 868 1636 preservedamongtheRoyalletters
892 1575 924 1623 de
945 1575 1094 1637 Dampetre,
1113 1575 1146 1622 de
1163 1573 1306 1634 Helicourt,
1323 1573 1356 1621 de

405 1645 455 1692 and
463 1644 533 1693 State
544 1645 643 1706 Papers
654 1645 681 1692 in
691 1644 734 1692 the
741 1644 832 1692 'l'ower
843 1644 872 1693 of
893 1645 998 1705 Hornoy
1013 1660 1044 1694 en
1062 1645 1175 1693 roiaume
1192 1644 1224 1692 de
1242 1643 1358 1702 Franee3

404 1713 869 1775 London‚Rynrer,Foederu,i.831:-
892 1718 917 1762 et
929 1713 961 1762 de
972 1714 1084 1777 Lanark,
1095 1716 1127 1763 de
1140 1714 1233 1774 Kudio,
1244 1713 1277 1761 de
1288 1713 1356 1761 Mul-

439 1783 560 1833 “A'touz
578 1799 644 1833 ceux
655 1785 700 1844 qui
717 1789 799 1834 uestes
810 1799 867 1845 pre-
892 1783 984 1846 disley,
1002 1784 1033 1833 de
1052 1784 1229 1846 Cunyngham,
1248 1783 1281 1831 de
1300 1782 1356 1831 Ha·

405 1858 489 1902 sentes
517 1854 603 1902 lettres
630 1858 738 1916 verrunt,
760 1853 868 1904 Charles
891 1854 1027 1916 dyngtone,
1049 1859 1075 1903 et
1099 1869 1130 1902 en
1152 1855 1176 1902 le
1199 1852 1296 1901 chastel
1323 1853 1356 1901 de

405 1923 456 1972 flua
472 1938 506 1972 au
521 1938 567 1984 roy
578 1923 610 1972 de
629 1924 735 1985 Franco,
751 1929 824 1972 conte
835 1924 868 1972 de
892 1922 985 1974 Donde
996 1939 1027 1972 en
1038 1924 1151 1972 roiuume
1162 1923 1296 1983 d’anooe‚
1306 1937 1354 1970 oue

404 1993 869 2054 Valeyse,deA1enoon,deChartres,
892 1994 930 2042 les
949 1999 1129 2054 aportenunoes
1148 1993 1180 2042 de
1196 1993 1300 2041 meisme
1316 1991 1356 2041 les

405 2067 431 2111 et
453 2063 485 2112 ‹le
504 2063 621 2126 Aungeo,
637 2065 709 2113 saluz
730 2079 762 2112 eu
775 2069 868 2116 ,nostre
892 2063 969 2114 lieux.
998 2064 1077 2112 Issint
1090 2078 1149 2125 que,
1157 2064 1180 2112 si
1189 2064 1306 2112 meismes
1316 2063 1355 2112 les

405 2133 532 2192 seigneur.
567 2133 648 2182 Saone
667 2139 750 2182 vostre
768 2135 869 2182 univer·
892 2133 963 2182 lieux
986 2149 1017 2182 en
1035 2134 1073 2182 les
1090 2147 1177 2194 queux
1196 2133 1221 2181 le
1243 2132 1356 2180 duwaire

407 2208 460 2251 sete
468 2218 518 2264 que
528 2218 598 2252 come
606 2205 832 2264 treite‚coveneute
844 2209 869 2252 et
892 2205 954 2264 deyt
974 2208 1040 2252 estre
1069 2203 1179 2264 assigno,
1202 2203 1295 2251 sicome
1317 2207 1357 2250 est

407 2273 498 2320 ueorde
509 2274 559 2322 soit
569 2278 639 2321 entre
656 2274 680 2322 le
691 2273 869 2322 tresexeellent
893 2273 1015 2335 uvantdit,
1033 2279 1136 2334 possent
1154 2273 1180 2320 la
1198 2285 1291 2320 somme
1309 2272 1355 2320 des

406 2342 501 2405 prinee,
525 2346 595 2390 notre
612 2342 735 2392 tresehier
750 2343 869 2403 seigneur
891 2343 958 2391 dites
974 2343 1034 2391 mile
1051 2343 1127 2391 livres
1142 2357 1189 2404 per
1205 2356 1246 2404 an,
1263 2355 1292 2389 oe
1308 2342 1354 2402 qni

406 2417 431 2459 et
442 2411 507 2460 frere
523 2412 573 2460 sire
586 2412 688 2473 Phelip‚
699 2427 746 2473 par
756 2412 782 2460 la
794 2426 868 2474 grace
893 2426 962 2462 serra
981 2413 1099 2474 sourplus
1121 2405 1193 2460 outre
1214 2412 1264 2460 tele
1286 2425 1354 2460 some

407 2481 439 2528 de
452 2482 521 2529 Dieu
533 2481 606 2530 noble
621 2496 666 2542 roy
677 2483 710 2531 de
726 2482 832 2543 Frunoe,
843 2487 869 2530 et
893 2483 1020 2544 remeigue
1031 2497 1066 2531 uu
1074 2497 1119 2543 roy
1128 2482 1260 2530 d’Esoooe.
1297 2481 1320 2527 E
1331 2481 1353 2529 si

406 2550 444 2598 les
451 2551 600 2600 honorables
607 2565 680 2612 peres
687 2552 750 2600 sires
755 2551 869 2599 william
893 2553 946 2600 rien
956 2552 1027 2600 seille
1038 2553 1070 2600 de
1081 2552 1135 2600 cele
1142 2566 1245 2613 somme,
1251 2551 1355 2599 meisme

408 2620 441 2667 de
458 2620 538 2681 Seynt
548 2620 663 2682 Andreu,
673 2626 700 2669 et
717 2621 825 2670 Mutheu
836 2622 869 2669 de
893 2622 943 2670 celi
965 2637 1010 2683 roy
1033 2623 1082 2671 soit
1103 2627 1180 2669 tenuz
1201 2622 1233 2670 de
1249 2621 1276 2668 la
1298 2634 1357 2681 pur·

408 2689 575 2753 Dunkeldyn,
587 2705 719 2753 evesques,
736 2695 763 2739 et
784 2691 869 2740 sonan
891 2691 996 2740 fourmir
1006 2695 1168 2741 entierement
1179 2692 1210 2739 de
1222 2705 1263 2740 ses
1270 2694 1355 2738 autres

407 2760 439 2807 de
457 2760 557 2822 Soules,
576 2765 602 2808 et
619 2761 736 2823 Ingeram
755 2761 788 2808 de
808 2761 870 2808 Um·
892 2760 1356 2824 rentes,eilliassigneradereceivre

407 2828 540 2891 trumvine,
569 2831 719 2892 chevaliers,
743 2831 781 2879 les
804 2845 869 2879 mes·
892 2832 930 2880 les
941 2836 1027 2880 autres
1039 2844 1063 2881 u.
1075 2831 1152 2880 liures
1162 2831 1313 2891 desterlings
1324 2843 1355 2878 en

407 2912 482 2960 suges
504 2904 530 2948 et
551 2905 729 2960 procuratours
755 2902 780 2949 le
808 2899 871 2949 haut
894 2902 978 2951 burse.
1015 2902 1057 2950 Ou
1080 2901 1103 2949 si
1125 2901 1248 2949 levantdit
1271 2903 1355 2947 nostre

407 2970 494 3029 prince
512 2971 561 3018 sire
577 2970 672 3032 Johan,
688 2985 735 3032 par
752 2970 778 3019 la
795 2985 870 3031 grace
893 2971 1011 3032 seigneur
1022 2972 1046 3019 le
1062 2985 1108 3031 roy
1119 2971 1151 3019 de
1162 2971 1259 3018 Frunce
1271 2969 1355 3017 mieuz

407 3039 439 3086 de
451 3040 519 3088 Dieu
530 3040 605 3087 noble
614 3055 659 3100 roy
669 3040 803 3099 d'Esoooe,
814 3054 830 3088 a
841 3054 870 3088 ee
894 3041 999 3100 sondro,
1007 3041 1026 3090 il
1036 3041 1056 3088 li
1067 3039 1198 3101 assignem
1204 3039 1236 3088 de
1244 3039 1355 3088 receivre

408 3110 599 3170 especiaument
619 3109 690 3172 fuitz,
709 3125 741 3160 en
758 3110 783 3159 le
803 3124 870 3158 noun
894 3111 1009 3158 uusibien
1037 3110 1075 3159 les
1094 3110 1160 3158 dites
1181 3110 1241 3158 mile
1264 3109 1356 3156 liveres

406 3179 512 3228 meisme
520 3180 569 3230 oeli
579 3195 634 3241 roy,
645 3181 677 3229 de
684 3181 796 3242 mariage
807 3181 870 3228 faire
894 3195 963 3228 come
971 3179 1009 3229 les
1018 3185 1103 3228 autres
1115 3192 1140 3229 u.
1148 3179 1225 3228 livres
1232 3193 1264 3228 en
1272 3180 1358 3239 burse,

409 3253 479 3297 entre
496 3250 566 3299 lesne
583 3251 633 3298 fiuz
649 3251 752 3300 meisme
763 3250 812 3298 celi
824 3264 870 3311 roy
893 3264 925 3298 en
943 3255 1058 3310 certeyns
1077 3254 1103 3298 et
1119 3249 1261 3297 suffissentz
1276 3249 1356 3308 lieux,

408 3317 531 3367 d’Esooce
542 3321 596 3381 qui,
608 3334 654 3380 par
667 3334 787 3380 expresse
797 3334 871 3368 cove-
893 3320 944 3368 dan
962 3333 993 3368 en
1008 3334 1050 3380 un,
1067 3334 1084 3368 u
1101 3319 1170 3368 deux
1186 3323 1293 3377 tennes;
1311 3318 1357 3366 eli

408 3401 488 3436 nance
509 3388 580 3448 faite,
602 3402 671 3436 serra
692 3404 738 3438 son
760 3389 816 3437 heir
833 3390 869 3437 du
893 3403 999 3438 asseura
1010 3390 1068 3438 bien
1079 3389 1112 3437 de
1123 3388 1162 3436 oel
1173 3389 1286 3437 dowuire
1297 3401 1358 3435 ever

408 3458 521 3505 roiaume
528 3457 652 3506 d'Escoce
659 3465 685 3506 et
692 3459 725 3507 de
732 3473 773 3506 ses
784 3463 870 3507 autres
893 3465 919 3506 et
929 3461 1041 3507 receivre
1052 3473 1127 3518 apres
1144 3458 1167 3505 le
1179 3458 1290 3519 mariage
1301 3456 1357 3517 fait,

408 3529 497 3587 terres,
507 3530 533 3574 et
543 3532 626 3574 nostre
638 3542 712 3576 esnee
723 3529 783 3587 fille,
791 3543 869 3588 nyeoe
893 3533 919 3577 et
939 3542 1014 3591 apres
1033 3528 1059 3576 la
1074 3533 1139 3575 mort
1159 3527 1183 3574 le
1202 3527 1241 3575 dit
1257 3528 1317 3589 fiun,
1334 3527 1357 3574 si

408 3599 491 3642 nostre
502 3599 621 3657 seignour
630 3595 654 3645 le
672 3611 718 3658 roy
728 3597 761 3645 de
773 3597 869 3646 Franoe
892 3597 1035 3660 longement
1057 3612 1126 3646 come
1148 3597 1187 3644 ele
1213 3597 1292 3645 vivre.
1334 3595 1357 3642 E

408 3665 531 3714 avantdlt.
564 3667 589 3712 A
608 3679 675 3726 queu
692 3680 746 3729 roy,
758 3681 789 3715 en
802 3682 869 3716 noun
892 3667 939 3716 fait
966 3673 992 3717 et
1013 3670 1200 3729 expressement
1221 3669 1358 3715 covenante

408 3733 441 3781 de
452 3734 555 3782 meisme
567 3735 617 3782 oeli
633 3750 677 3784 son
689 3736 749 3796 fiuz,
760 3737 870 3797 deyvent
893 3744 932 3786 est
938 3753 970 3786 en
978 3739 1002 3786 le
1011 3738 1094 3786 treitiz
1102 3737 1145 3785 del
1152 3737 1263 3798 mariage
1271 3739 1358 3783 avant-

407 3807 473 3852 estre
495 3804 575 3852 donez
595 3819 627 3852 en
645 3806 757 3867 mariage
778 3822 827 3854 oue
843 3807 869 3855 la
892 3808 939 3867 dit,
950 3809 973 3856 si
990 3823 1036 3868 par
1051 3807 1179 3855 avienture
1194 3806 1218 3854 le
1235 3807 1285 3854 fiuz
1295 3809 1321 3853 et
1332 3803 1358 3853 la

407 3873 460 3922 dite
472 3873 523 3922 fille
530 3874 600 3936 vingt
610 3875 702 3936 cinque
713 3876 781 3924 mille
792 3877 869 3924 liures
892 3876 943 3924 fille
960 3877 1098 3938 avantditz,
1114 3890 1188 3937 apres
1204 3876 1229 3924 le
1247 3876 1359 3936 mariage

408 3943 440 3991 de
456 3943 564 3993 Turnois
582 3945 668 4005 petitz.
705 3945 763 3994 Ele
775 3946 813 3993 dit
824 3960 868 4006 roy
893 3945 948 4008 suit,
967 3947 1123 4007 voudreyent
1138 3946 1252 4006 departir
1267 3945 1302 3993 du
1321 3945 1360 3992 dit

407 4013 530 4062 d'Escooe
552 4019 592 4062 est
612 4018 689 4063 tenua
708 4029 725 4063 a
746 4015 825 4064 doner
843 4022 869 4063 et
892 4014 1361 4077 royd'Escoce,ilsaveruntlrnnohe·

406 4084 521 4145 assigner
531 4098 547 4132 a
558 4099 588 4133 sa
598 4085 651 4133 dite
662 4085 714 4134 fille
724 4100 756 4133 en
770 4086 869 4133 dowair
893 4090 961 4133 ment
970 4087 994 4133 le
1002 4086 1114 4134 dowuire
1122 4085 1237 4134 evuntdit
1245 4099 1276 4133 en
1284 4084 1310 4132 lu
1318 4084 1359 4131 vie

406 4153 466 4200 mile
493 4157 519 4202 et
547 4155 639 4215 uinque
667 4159 737 4203 cents
762 4155 868 4204 liverees
892 4154 925 4202 de
945 4156 1048 4202 meisme
1068 4156 1116 4204 celi
1137 4169 1192 4216 roy.
1229 4154 1303 4202 Nous
1321 4153 1363 4200 les¹
1410 4201 1412 4206 ,

407 4223 533 4272 danuuele
548 4231 628 4286 rente,
645 4224 806 4286 desterlings,
823 4225 869 4272 des
892 4225 976 4272 treitiz
993 4229 1019 4273 et
1038 4225 1076 4273 les
1099 4237 1254 4273 covenanoes
1273 4227 1360 4288 uvant-
