3178 4992
411 484 582 534 waurnar
609 484 657 530 on
684 479 967 531 unurucnuacu.
1096 469 1162 534 153

213 663 275 726 per
303 661 366 706 nos
389 640 446 706 vel
466 660 528 723 per
557 646 795 705 antecessores
827 647 978 718 nostros,
998 641 1055 705 vel
1079 661 1161 706 con·
1187 659 1318 750 gomor?

212 741 411 806 suetudines
441 738 661 816 introductae,
686 741 847 804 volumus
878 749 914 804 et
945 741 1163 806 concedimus
1176 763 1331 835 W

214 842 306 924 quod
329 839 525 955 hujusmodi
549 839 815 904 consuetudines
838 846 873 904 et
895 847 1030 905 statuta
1052 860 1196 945 vacua.
1177 845 1321 935 “fflffi

215 949 250 1007 et
272 940 369 1003 nulla
398 939 503 1004 sint
493 959 529 1002 m
556 948 773 1022 perpetuum.
826 939 1038 1004 Remisimus
1058 941 1163 1005 etiam
1175 907 1290 986 ΜΝ

217 1038 404 1104 Humfrido
443 1039 487 1103 do
526 1038 638 1103 Bown
681 1039 799 1103 comiti
838 1038 1088 1104 Herefordensi
1129 1048 1166 1105 et

217 1137 417 1204 Essexiensi
439 1138 697 1202 constabulario
710 1137 862 1220 Angliee,
886 1138 1028 1220 Rogero
1046 1139 1166 1222 Bygot

218 1239 336 1303 comiti
360 1236 589 1302 Northfolciae
621 1236 824 1302 marescallo
842 1237 994 1320 Angliae,
1024 1247 1058 1303 et
1087 1240 1166 1304 aliis

218 1338 413 1413 comitibus,
440 1336 637 1413 baronibus
666 1337 845 1413 militibus,
878 1339 1070 1419 armigeris,
1101 1338 1125 1402 J
1128 1359 1166 1403 o-

218 1438 324 1502 banni
343 1436 386 1499 de
411 1433 604 1512 Ferrariis,¹
621 1455 662 1500 ac
684 1437 844 1501 omnibus
870 1436 949 1501 aliis
974 1437 1018 1500 de
1040 1457 1164 1504 ¹eorum

220 1537 401 1612 societate,
419 1535 713 1600 confoederatione
734 1545 769 1600 et
785 1535 970 1601 concordia
987 1537 1166 1603 existenti·

220 1638 298 1714 buS,
325 1654 459 1700 necnon
487 1635 644 1700 omnibus
662 1633 787 1717 viginti
815 1635 960 1700 libratas
986 1643 1089 1702 terrae
1114 1647 1165 1702 te·

218 1735 377 1800 nantibus
400 1735 436 1799 in
459 1752 566 1815 regno
584 1742 705 1799 nostro
729 1735 803 1799 sive
826 1735 869 1799 de
884 1736 983 1800 nobis
998 1738 1034 1800 in
1050 1737 1170 1819 capite-

223 1835 296 1898 sive
322 1834 365 1898 de
389 1834 458 1898 alio
478 1852 696 1916 quocunque,
719 1835 780 1916 qui
805 1834 848 1897 ad
873 1834 1166 1903 transfretandum

223 1934 401 1998 nobiscum
426 1934 463 1996 in
486 1931 686 1996 Flandriam
708 1942 804 1998 certo
830 1932 885 1996 die
908 1940 1029 1998 notato
1052 1936 1166 1999 vocati

221 2033 361 2098 fuerunt
382 2040 418 2095 et
444 2050 514 2095 non
536 2039 716 2108 venerunt,
742 2052 920 2097 rancorem
946 2041 1102 2097 nostrum
1133 2043 1168 2098 et

224 2132 351 2196 rualem
381 2131 594 2196 voluntatem
634 2151 739 2214 quam
770 2152 817 2196 ex
848 2131 962 2196 causis
994 2133 1169 2214 praedictis

223 2251 308 2313 erga
339 2250 397 2296 eos
429 2231 632 2316 habuimus3
664 2239 699 2298 et
729 2232 832 2295 etiam
862 2233 1169 2312 transgressiones

223 2333 254 2395 si
269 2349 357 2413 quas
371 2331 469 2396 nobis
484 2330 541 2394 vel
562 2330 689 2394 nostris
710 2331 866 2408 fecerint,
886 2349 996 2412 usque
1019 2331 1062 2395 ad
1078 2352 1169 2414 prae·

223 2431 332 2495 sentis
364 2437 471 2496 cartae
510 2429 770 2494 confectionem.
837 2430 896 2496 Et·
922 2430 966 2494 ad
1002 2431 1170 2516 majorem

224 2530 328 2614 hujus
361 2530 412 2594 rei
443 2531 665 2594 securitatem
691 2531 852 2595 volumus
887 2537 923 2595 et
951 2530 1172 2596 concedimus

224 2649 287 2712 pro
307 2629 404 2692 nobis
421 2637 456 2692 et
467 2629 663 2694 haeredibus
671 2631 810 2708 nostris,
818 2629 913 2712 quod
928 2648 1049 2694 omnes
1064 2630 1174 2695 archi·

230 2728 384 2811 episcopi
409 2735 445 2792 et
468 2729 621 2811 episcopi
652 2726 806 2810 Angliee,¹
833 2730 868 2792 in
895 2737 1112 2812 perpetuum,
1137 2731 1173 2792 in

230 2827 301 2892 suis
316 2827 571 2892 cathedralibus
594 2827 881 2904 eeclesiishabita
897 2830 1061 2910 praesenti
1077 2835 1176 2894 carta

180 2943 187 2956 “
226 2935 262 2992 et
285 2927 389 3002 lecta,
417 2926 716 2990 excommunicent
741 2926 879 3009 publice
903 2928 998 2992 etin
1027 2928 1176 3008 singulis

227 3025 484 3108 parochialibus
499 3025 653 3088 ecclesiis
667 3043 808 3088 suarum
823 3025 1022 3088 dioecesium
1039 3045 1178 3089 exeom-

229 3124 406 3188 municare
443 3143 505 3188 seu
538 3124 854 3188 excommunicatos
887 3122 1097 3188 denunciare
1124 3124 1178 3188 fa·

229 3225 325 3288 ciant
362 3223 415 3287 bis
443 3223 479 3285 in
510 3240 600 3285 anno
635 3223 839 3304 omnesqui
870 3230 994 3286 contra
1023 3230 1178 3287 tenorem

232 3322 412 3406 praesentis
437 3329 544 3386 cartae
569 3321 638 3385 vim
665 3328 700 3385 et
725 3321 884 3386 effectum
909 3321 946 3385 in
971 3342 1179 3404 quocunque

232 3420 379 3487 articulo
401 3421 550 3486 scienter
567 3420 724 3498 fecerint,
738 3428 802 3485 aut
816 3421 891 3485 fieri
907 3422 1179 3503 procuraverint,

232 3520 487 3604 quoquomodo.
540 3519 584 3584 In
618 3519 720 3604 eujus
751 3521 801 3584 rei
829 3521 1065 3585 testimonium
1091 3541 1180 3604 prae·

233 3621 323 3684 senti
336 3626 442 3684 cartae
457 3619 611 3701 sigillum
635 3626 793 3684 nostrum
810 3626 864 3684 est
886 3639 1090 3704 appensum,
1111 3640 1181 3687 una

232 3738 309 3784 cum
329 3718 452 3799 sigillis
475 3719 824 3801 archiepiscoporum,
846 3720 1099 3802 episcoporum,
1122 3740 1180 3784 co·

234 3818 366 3893 mitum,
389 3818 568 3894 baronum,
589 3827 625 3882 et
645 3818 805 3896 aliorum,
820 3820 880 3901 qui
903 3831 1028 3902 sponte
1040 3818 1183 3902 jurave-

235 3925 316 3980 runt
345 3915 436 3997 quod
472 3925 626 3980 tenorem
649 3918 832 3999 praesentis
862 3925 981 3993 cartae,
1010 3924 1183 3998 quatenus

236 4017 272 4078 in
296 4015 346 4078 eis
369 4023 434 4089 est,
458 4015 494 4079 in
516 4017 675 4079 omnibus
700 4024 736 4080 et
767 4015 913 4096 singulis
940 4016 1096 4079 articulis
1124 4017 1185 4079 ob·

272 4175 278 4205 ¹
297 4176 457 4225 Alterwarde
480 4176 565 4223 Baron
585 4176 688 4224 Ferrere
707 4177 736 4225 ol
755 4176 886 4239 Chartley,
902 4178 961 4238 only
978 4191 1024 4226 eon
1043 4177 1072 4226 of
1091 4177 1186 4228 Robert

236 4236 269 4297 da
281 4247 394 4308 Ferrers,
404 4245 492 4308 eigbth
504 4245 565 4296 Earl
577 4245 605 4294 oi
613 4245 711 4306 Derby.
