3166 4992
413 463 479 528 224
786 469 995 524 cneburcou

266 653 385 695 muner.
414 638 611 702 restitueret
652 635 694 699 ei.
764 634 836 714 Qui
881 635 943 712 ait,
981 633 1143 713 “Quare
1184 634 1365 715 pecuniam

264 705 393 744 anno.
414 737 552 819 repetiS,
588 735 726 799 fraterl
765 735 850 798 bene
889 734 980 799 nosti
1020 734 1110 816 quod
1149 733 1257 797 filium
1296 752 1364 796 non

413 837 536 913 habeo,
552 853 615 899 nec
633 828 739 906 elilim
758 834 928 898 haeredem
944 843 1071 918 praeter
1082 841 1128 910 te,
1141 853 1210 897 non
1227 838 1364 914 oportet

413 945 453 1001 ut
476 935 559 999 mihi
578 935 746 998 molestus
770 934 828 1008 sis,
847 954 926 996 cum
947 935 1062 997 onmia
1084 953 1162 997 mea
1186 941 1248 997 tua
1269 939 1362 1007 sunt,

413 1043 550 1119 etpost
575 1041 720 1099 mortem
749 1033 830 1095 mibi
860 1051 1039 1096 successor
1069 1033 1171 1096 eris.''
1238 1032 1284 1096 Et
1310 1050 1363 1094 re-

413 1135 553 1218 spondit
567 1134 694 1197 frater:
718 1137 740 1167 ‘⁴
755 1131 848 1212 Quid
864 1132 908 1195 ad
924 1152 979 1195 me
996 1133 1038 1196 de
1053 1132 1257 1197 haereditate
1273 1132 1360 1194 tua'l

415 1235 497 1300 Non
513 1253 608 1298 curo.
661 1231 782 1296 Redde
803 1232 888 1295 mihi
913 1233 1096 1315 pecuniam
1118 1230 1263 1296 meam.''
1315 1229 1362 1292 Et

413 1350 548 1399 comes:
571 1339 594 1369 “
607 1337 618 1366 ‘
631 1331 692 1395 Et'
705 1332 714 1364 ¹
732 1350 802 1414 quo
817 1333 868 1395 ita
882 1333 936 1395 vis
951 1331 1077 1395 faciam
1091 1331 1183 1414 quod
1198 1329 1361 1404 hortaris,

413 1435 448 1497 in
459 1434 620 1498 damnum
636 1431 774 1513 quidem
785 1438 883 1495 tuum
898 1439 933 1495 et
947 1430 1120 1495 haeredum
1133 1428 1362 1495 nostrorum.''

250 1547 355 1586 Thesstfl
414 1533 643 1614 Perrexitque
666 1532 775 1593 iratus
795 1527 839 1594 ad
857 1548 984 1612 regem,
1001 1539 1036 1594 et
1054 1530 1149 1594 dedit
1171 1531 1203 1594 ei
1223 1529 1363 1593 comita-

249 1597 385 1736 ἓξὲξ
413 1631 505 1696 tum²
522 1639 557 1696 et
572 1647 690 1696 omues
707 1636 818 1693 terras
834 1649 928 1707 suas,
944 1631 1008 1693 sub
1025 1631 1088 1718 tali
1100 1629 1239 1712 quidem
1256 1633 1361 1710 paeto

250 1747 394 1797 totumne·
413 1733 505 1814 quod
524 1730 695 1795 refeffaret
710 1749 788 1793 eum
811 1728 853 1792 de
869 1730 995 1794 eisdem
1011 1730 1055 1793 ad
1079 1730 1260 1794 terminum
1279 1729 1360 1791 vitae

413 1851 498 1909 sure,
516 1839 551 1895 et
568 1832 710 1910 insuper
722 1828 821 1893 daret
834 1831 866 1893 ei
881 1830 974 1893 mille
991 1838 1164 1894 marcatas
1179 1835 1282 1892 terrae
1297 1846 1361 1909 pro

413 1931 487 1995 vita
514 1946 590 2009 sua,
616 1936 652 1993 et
676 1949 755 1993 eum
781 1927 920 2011 ejiceret
945 1931 989 1992 ab
1013 1929 1106 1993 omni
1132 1948 1199 1992 aere
1225 1927 1359 1991 alieno}

413 2023 562 2113 fecitque
596 2047 660 2095 rex
699 2027 792 2111 quod
833 2035 1054 2106 convenerat,
1088 2035 1124 2092 et
1161 2027 1362 2110 adimplevit

413 2132 540 2194 omnia.

621 2329 831 2394 Flrndrereses
844 2329 984 2394 reamur
996 2329 1148 2394 Francos.

462 2524 593 2589 Eodem
611 2537 702 2589 anno
727 2524 957 2589 Flandrenses
982 2525 1182 2590 devicerunt
1206 2526 1362 2590 Francos

412 2624 524 2688 tribus
538 2625 670 2688 vicibus
691 2626 728 2687 in
753 2643 888 2707 campo.
934 2625 981 2689 Et
1002 2645 1116 2690 comes
1134 2626 1176 2689 de
1193 2626 1359 2709 ArtboyS,

306 2769 312 2782 .
411 2724 514 2788 homo
545 2725 663 2806 magni
693 2725 841 2789 nominis
875 2731 910 2788 et
945 2726 1159 2790 senescallus
1188 2726 1359 2803 Franciae,

411 2842 483 2887 una
514 2842 593 2886 cum
627 2823 767 2888 domino
798 2823 841 2887 de
870 2823 972 2901 Neel,
1011 2832 1047 2888 et
1077 2825 1262 2907 plusquam
1295 2842 1357 2889 xn.

412 2923 602 2986 vexillariis
650 2923 784 3000 electis
823 2930 857 2987 et
897 2924 1121 2987 innumerosa
1161 2924 1261 3007 plebe
1305 2943 1357 2988 ar-

411 3029 581 3086 matorum
615 3030 650 3086 et
677 3022 845 3104 peditum,
874 3031 1079 3087 corruerunt
1109 3024 1145 3086 in
1177 3042 1247 3086 una
1278 3023 1356 3102 die3

412 3122 605 3203 ceciditque
636 3122 700 3186 llos
735 3122 867 3185 militiae
899 3141 985 3199 suae,
1016 3123 1051 3185 in
1079 3141 1197 3186 eorum
1230 3142 1357 3207 oppro-

412 3221 524 3284 brium
539 3222 798 3304 sempiternum,
839 3221 885 3284 Et
900 3220 1012 3285 adhuc
1030 3223 1074 3286 ab
1088 3222 1227 3305 incepto
1243 3222 1358 3286 furore

411 3321 597 3386 noluerunt
619 3323 818 3402 quiescere3
849 3341 913 3384 rex
936 3321 1038 3397 enim,
1061 3329 1274 3402 congregato
1296 3342 1357 3385 ex-

413 3421 521 3484 ercitu
547 3419 698 3503 copioso,
717 3421 870 3502 perrexit
891 3421 1029 3496 ibidem,
1048 3438 1124 3483 cnm
1145 3437 1242 3484 xxx.
1257 3421 1361 3485 milli-

412 3519 476 3582 bus
509 3524 720 3583 armatorum
745 3520 781 3581 in
807 3520 905 3600 equis
937 3521 1091 3596 armatis,
1114 3529 1241 3602 praeter
1269 3521 1358 3585 alios

413 3618 607 3699 equitantes
624 3624 659 3680 et
674 3617 851 3699 pedestres
869 3620 999 3702 absque
1018 3620 1089 3683 nllo
1106 3639 1258 3686 numero.
1311 3621 1357 3686 Et

249 3737 380 3779 annau.
411 3717 447 3779 in
465 3736 555 3780 anno
577 3718 738 3799 sequenti
759 3726 963 3782 corrnerunt
984 3719 1097 3795 multi,
1113 3726 1148 3782 ct
1169 3727 1355 3783 retrorsum

393 3817 590 3890 abierunt3
618 3816 838 3899 inieruntque
860 3825 1002 3900 treugas
1019 3818 1062 3881 ad
1080 3827 1228 3901 tempus,
1246 3825 1282 3882 et
1298 3818 1358 3883 de-

444 4033 450 4063 ¹
471 4033 546 4092 ‘Ex‚'
558 4033 615 4082 MS.
627 4032 693 4083 Ooll.
704 4033 775 4082 irin.
895 4037 967 4082 13⁰2.
985 4033 1043 4083 aot.
1055 4032 1145 4084 Glaus.
1158 4037 1190 4083 30
1202 4034 1277 4083 Edw.
1289 4035 1311 4084 I.
1325 4052 1360 4087 m.

443 4102 523 4152 ²The
535 4103 600 4152 deed
610 4103 640 4151 oi
646 4102 780 4152 surrender
790 4103 819 4151 of
827 4103 869 4152 the
896 4107 936 4164 14,
953 4103 980 4152 (1.
1020 4104 1092 4166 They
1111 4119 1179 4153 were
1199 4106 1312 4154 restored
1333 4112 1359 4156 to

408 4179 503 4222 honour
511 4174 562 4222 and
570 4173 640 4222 office
647 4174 676 4221 of
684 4173 746 4220 Eerl
755 4173 871 4221 Marshel
895 4173 946 4220 him
964 4188 996 4221 on
1012 4173 1054 4222 the
1074 4173 1132 4222 12111
1150 4174 1180 4222 of
1187 4174 1250 4235 July
1263 4175 1363 4225 follow-

407 4245 430 4292 is
447 4244 524 4292 dated
543 4258 576 4291 on
597 4241 717 4292 tholath
736 4242 765 4291 of
785 4242 870 4305 April,
894 4243 946 4304 ing.
964 4241 1238 4293 Cert.8⁰Edw.I.n.
1252 4248 1293 4294 24.
