3178 4992
415 418 479 483 1³0
647 509 649 514 Ι
781 429 991 484 ori-aonroou

264 603 394 696 {affin}
417 592 520 658 vobis
535 593 653 656 venire
671 595 818 670 mecum,
837 593 1003 674 eritisque
1018 591 1102 655 mihi
1126 591 1315 656 consiliarii
1330 599 1365 657 et

252 737 364 778 mnf
253 693 519 756 *amici
555 691 760 756 carissimi''
813 690 969 773 Cumque
1008 690 1186 753 differrent
1220 709 1363 774 respon-

252 787 361 830 44444444·
415 793 547 856 sionem
564 791 601 854 in
615 791 816 867 crastinum,
831 790 951 854 eadem
969 796 1070 853 nocte
1084 789 1235 853 latenter
1251 809 1364 855 reces-

416 898 549 967 serunt,
576 890 692 973 potius
716 889 884 971 eligentes
909 889 1035 952 damna
1058 896 1364 972 quantumcunque

416 1004 543 1069 magna
571 989 615 1052 ad
648 998 784 1071 tempus
816 989 999 1066 sustinere,
1030 1006 1134 1068 quarn
1163 987 1360 1052 fidelitatem

416 1089 492 1168 regi
508 1094 629 1152 nostro
652 1088 780 1152 iactam
798 1107 876 1150 cum
892 1094 977 1150 nota
992 1085 1146 1150 infamiae
1163 1085 1359 1167 infringere.

417 1185 500 1269 Ipse
530 1205 611 1252 vero
640 1187 799 1268 aspirans
829 1185 874 1249 ad
905 1203 1061 1266 regnum,
1096 1185 1187 1248 sicut
1223 1185 1360 1267 publice

415 1285 605 1362 dicebatur,
623 1285 808 1368 adjunctus
823 1291 877 1348 est
893 1284 937 1348 ad
959 1283 1126 1366 populum
1147 1303 1361 1365 perversum,

415 1389 451 1446 et
466 1401 544 1447 cum
561 1385 723 1466 episcopo
741 1382 954 1464 Glasguensi
968 1389 1004 1446 ct
1019 1382 1209 1445 senescallo
1224 1381 1363 1461 Scotiae,

415 1483 475 1563 qui
498 1482 605 1546 totius
628 1483 711 1544 mali
732 1481 956 1545 fabricatores
974 1481 1174 1556 extiterant,
1190 1480 1362 1545 confoede-

415 1587 512 1644 ratus
528 1587 592 1646 est.
628 1580 785 1645 .Extunc
799 1599 882 1644 vero
897 1579 1074 1661 generatio
1095 1579 1158 1642 illa
1179 1580 1312 1661 perfida
1326 1588 1363 1644 et

395 1679 569 1744 *infideles
603 1679 700 1744 Scoti
735 1697 856 1743 omnes
890 1676 1057 1759 Anglicos
1087 1695 1175 1759 quos
1206 1678 1361 1742 invenire

391 1785 575 1859 poterant
606 1778 839 1843 trucidabant
901 1777 1100 1858 Religiosos
1132 1776 1239 1840 etiarn
1265 1778 1361 1840 viros

387 1843 584 1988 4ΛιιςΙίοοο
623 1896 644 1940 a
680 1876 839 1940 domibus
871 1875 945 1940 suis
979 1876 1016 1939 in
1050 1875 1176 1958 quibus
1212 1874 1360 1956 professi

383 1971 551 2040 ifuerant
579 1976 748 2041 violenter
775 1980 1018 2050 extraxerunt,
1043 1994 1088 2037 ex
1111 1974 1199 2055 ipsis
1225 1981 1361 2056 specta-

384 2043 390 2163 4
413 2074 528 2138 οιιΙιιιιι
550 2074 728 2139 facientes.
780 2074 867 2137 Erat
883 2074 972 2137 enirn
995 2072 1097 2136 ludus
1116 2090 1246 2149 eorum,
1263 2081 1298 2138 et
1316 2073 1360 2136 ad

381 2169 650 2272 434)οεῐοοιι1ιιιιι
676 2172 1025 2248 cumeisvacebant‚
1048 2171 1238 2253 adportes
1264 2188 1360 2236 nam

413 2289 481 2353 que
498 2290 666 2353 equarum
685 2270 872 2335 multarum
893 2270 1052 2335 sedentes
1077 2289 1176 2333 senes
1192 2267 1360 2352 Anglicos

387 2381 388 2388 ¹
412 2368 593 2450 religiosos
608 2376 643 2434 et
653 2371 813 2434 foeminas
829 2389 917 2451 quos
928 2368 1125 2452 specialiter
1135 2371 1360 2433 reservabant

412 2468 456 2530 ad
487 2467 563 2546 hoc,
596 2469 716 2550 ligatis
749 2469 907 2532 manibus
934 2468 990 2532 vel
1019 2467 1163 2550 pedibus
1194 2487 1237 2530 ne
1269 2467 1358 2532 forte

380 2636 384 2656 ι
412 2567 564 2632 natando
590 2568 786 2644 evaderent,
813 2567 856 2630 ab
880 2565 966 2649 ipsis
990 2567 1152 2649 pontibus
1175 2565 1232 2629 vel
1254 2567 1359 2631 salire

382 2663 386 2687 ¹
414 2663 470 2728 vel
496 2666 706 2747 praecipitari
733 2665 919 2741 iaciebant,
945 2665 981 2728 in
1006 2665 1147 2728 interitu
1176 2683 1294 2728 eorum
1323 2673 1359 2729 et

411 2765 646 2828 submersione
667 2765 839 2828 laetantes.
891 2764 990 2828 Inter
1010 2782 1099 2846 quos
1119 2762 1260 2826 adducti
1277 2773 1359 2829 sunt

411 2861 480 2926 duo
497 2863 655 2927 canonici
671 2862 714 2926 de
737 2862 839 2927 domo
855 2862 976 2927 Sancti
998 2860 1149 2926 Andreae
1169 2862 1205 2924 in
1227 2859 1357 2938 Scotia,

410 2961 472 3042 qui
496 2979 573 3025 cum
597 2962 641 3026 ad
668 2963 809 3043 pontem
832 2960 924 3025 villae
945 2961 1132 3025 nominatae
1155 2958 1273 3024 Sancti
1291 2959 1355 3024 Jo-

411 3058 534 3127 hannis
576 3079 692 3125 coram
730 3060 791 3125 illo
829 3060 964 3124 latrone
1000 3059 1177 3124 Willelmo
1210 3057 1356 3142 Walays

409 3165 544 3224 starent
573 3160 676 3242 quasi
705 3164 788 3241 ‘pro
817 3155 1026 3223 tribunali'¹
1056 3164 1202 3222 mortem
1231 3176 1357 3240 expec-

407 3262 536 3334 tantes,
551 3259 668 3323 subito
688 3257 843 3323 salvavit
864 3275 924 3321 eos
947 3257 1044 3322 Dens
1065 3257 1126 3320 sic.
1178 3255 1358 3322 Venerunt

408 3355 501 3417 enim
527 3355 644 3420 nuncii
664 3375 743 3420 cum
765 3356 985 3420 festinatione
1009 3355 1163 3418 maxima
1186 3373 1231 3418 ex
1255 3364 1357 3436 parte

407 3453 622 3533 quorundam
652 3461 855 3534 magnatum
870 3455 967 3536 regni
989 3453 1128 3529 Scotiee,
1156 3444 1356 3534 inquorum

405 3551 558 3624 aduentu
590 3551 802 3633 praepeditus
832 3551 892 3616 ille
924 3553 1025 3630 latro,
1056 3550 1221 3634 praecepit
1246 3558 1288 3614 ut
1320 3552 1356 3616 in

404 3648 517 3722 salva¹
536 3649 696 3715 custodia
724 3657 960 3733 ponerentur3
997 3651 1058 3732 qui
1082 3657 1204 3732 postca
1232 3668 1254 3713 a
1275 3669 1355 3714 cus·

405 3747 545 3812 todibus
568 3748 646 3812 suis
678 3767 740 3830 per
764 3749 934 3831 quosdam
965 3750 1153 3813 amicorum
1187 3747 1356 3831 redempti

405 3854 499 3922 suut,
517 3846 600 3911 dato
626 3848 738 3929 pretio
761 3856 796 3912 et
818 3849 976 3929 praestito
989 3846 1190 3932 juramento
1214 3846 1306 3928 quod
1335 3867 1357 3911 a

404 3963 512 4027 regno
530 3945 740 4020 ¹festinanter
764 3947 896 4028 egressi
922 3965 1099 4028 nunquam
1122 3945 1208 4010 illud
1229 3946 1353 4011 iterum

403 4043 673 4126 ingrederentur.
728 4046 884 4125 Quorum
912 4064 1001 4111 uuus
1024 4045 1153 4110 mansit
1175 4045 1268 4127 apud
1292 4064 1355 4108 nos

677 4227 686 4260 ¹
704 4230 818 4280 Omitted
830 4231 857 4278 in
869 4231 925 4280 MS.
938 4229 1005 4280 Oott.
1018 4227 1076 4278 Tib.
