3166 4992
425 465 490 530 leo
791 485 1000 533 canonicos

267 647 407 738 {lg-⁸135·
429 641 601 704 “missam
618 641 790 706 celebrare
805 643 837 705 si
852 642 949 717 veliS,
963 641 1127 723 quoniam
1143 639 1198 702 dic
1216 638 1375 720 hecquae

267 779 371 820 „m
431 740 474 803 ad
487 741 642 804 militiam
655 742 828 823 pertinent
843 760 905 803 nos
918 739 1247 804 omnesfaciemus.”
1295 737 1376 800 Fes-

267 829 362 882 ¹“¹³¹¹¹¹¹‘
431 840 709 922 tinaveruntque,
739 848 775 904 et
812 841 923 922 primo
957 839 1138 904 Scotorum
1178 836 1306 901 circulo
1339 855 1377 899 se

430 939 550 1009 statim
579 946 659 1021 post
689 940 969 1023 conjunxerunt3
1001 938 1144 1002 comites
1173 956 1257 1001 vero
1288 955 1377 1017 prae·

431 1037 514 1100 dicti
531 1057 608 1100 cum
624 1038 698 1102 acie
715 1039 826 1120 prima
840 1045 996 1120 exparte
1011 1037 1121 1101 altera
1135 1042 1376 1099 convenerunt.

434 1136 591 1219 Moxque
613 1138 827 1202 venientibus
847 1138 987 1213 nostris,
1014 1136 1175 1217 sugerunt
1198 1136 1378 1199 Scotorum

434 1244 612 1318 equestres
638 1238 768 1319 absque
792 1236 864 1300 ullo
887 1236 995 1317 gladii
1019 1236 1102 1312 ictu,
1120 1235 1241 1317 paucis
1263 1241 1378 1297 tamen

434 1336 700 1413 remanentibus
717 1345 752 1401 et
779 1336 826 1398 hii
848 1336 984 1419 quidem
1006 1335 1050 1398 ad
1074 1333 1298 1398 ordinandum
1315 1331 1380 1394 cir-

436 1435 532 1498 culos
552 1433 773 1516 pedestrium,
791 1435 850 1517 qui
872 1434 1009 1516 quidem
1026 1433 1145 1497 circuli
1166 1433 1383 1498 vocabantur

437 1533 698 1598 ‘schiltrouns.'¹
729 1535 923 1616 Interquos
935 1533 1042 1598 frater
1052 1531 1231 1597 senescalli
1243 1531 1380 1606 Scotiae,

437 1652 516 1696 cum
544 1634 738 1698 ordinasset
765 1635 858 1698 viros
883 1633 1084 1714 sagittarios
1112 1633 1155 1695 de
1184 1631 1313 1696 foresta
1338 1629 1381 1693 de

438 1729 598 1813 Selkyrk‚
621 1751 704 1796 casu
729 1753 773 1796 ex
800 1751 889 1814 equo
915 1733 1049 1808 cecidit,
1075 1739 1110 1795 et
1131 1732 1222 1794 inter
1244 1728 1381 1793 eosdem

426 1832 638 1912 ,sagittarios
676 1832 810 1896 occisus
845 1839 920 1910 est3
958 1833 1261 1896 circumsteterunt
1292 1828 1382 1891 enim

433 1949 515 1992 ,eum
538 1929 640 1994 iidem
667 1931 852 2013 sagittarii,
875 1939 909 1995 et
934 1950 1012 1994 cum
1037 1950 1078 1994 eo
1103 1936 1305 1994 corruerunt
1320 1927 1381 1991 ho-

437 2030 546 2092 mines
569 2031 706 2113 quidem
733 2031 900 2113 elegantis
923 2030 1042 2094 formae
1067 2037 1103 2094 et
1128 2047 1281 2112 procerae
1309 2035 1381 2090 sta-

438 2134 537 2192 turae.
590 2128 785 2211 Peremptis
805 2131 922 2212 itaque
939 2129 1142 2210 sagittariis
1160 2129 1328 2192 dederunt
1345 2145 1383 2189 se

438 2227 546 2290 nostri
570 2228 613 2291 ad
642 2229 765 2293 Scotos
791 2229 993 2305 lancearios,
1011 2229 1084 2310 qui,
1104 2236 1144 2292 ut
1165 2229 1294 2291 dictum
1317 2234 1381 2302 est,

438 2327 606 2390 sedebant
621 2328 657 2390 in
676 2328 812 2392 circulis
827 2347 905 2390 cum
928 2329 1057 2391 lanceis
1081 2327 1266 2408 obliquatis
1290 2332 1324 2389 et
1346 2325 1382 2387 in

439 2425 578 2490 modum
600 2427 697 2489 silvae
718 2427 909 2491 condensae.
962 2428 1123 2510 Dumque
1148 2445 1222 2490 non·
1243 2431 1385 2507 possent

440 2531 615 2604 equestres
648 2525 782 2606 ingredi
817 2545 888 2608 prae
924 2527 1145 2591 multitudine
1173 2526 1384 2600 lancearum,

439 2633 683 2703 percusserunt
706 2626 895 2689 exteriores
919 2633 955 2688 et
979 2625 1242 2708 perforaverunt
1266 2624 1383 2706 plures

439 2720 568 2786 lanceis
583 2724 666 2788 suis.
719 2724 785 2788 Sed
802 2733 837 2788 et
851 2724 1028 2806 pedestres
1044 2726 1154 2789 nostri
1171 2724 1386 2804 sagittabant

439 2839 512 2898 eoa,
536 2829 571 2886 et
602 2823 742 2904 quidam
771 2824 887 2888 allatis
912 2825 1070 2888 rotundis
1091 2824 1275 2906 lapidibus
1299 2841 1384 2903 quo·

440 2939 515 2990 rum
543 2930 619 2987 erat
641 2923 689 2986 ibi
714 2924 897 2987 multitudo
921 2924 1072 3006 copiosa,
1089 2923 1292 3005 lapidabant
1314 2940 1384 2984 eos.

441 3019 487 3088 Et
509 3022 560 3090 sic
580 3022 699 3086 multis
716 3023 905 3088 interfectis
930 3030 965 3086 et
986 3023 1063 3086 aliis
1081 3021 1252 3098 attonitis,
1268 3021 1327 3103 qui
1349 3020 1384 3082 in

441 3128 598 3190 extremo
628 3129 728 3204 parte
761 3123 966 3186 circulorum
1000 3122 1189 3185 extiterant
1224 3138 1385 3184 recurva·

440 3219 568 3284 bantur
581 3222 616 3283 in
633 3221 720 3285 alios
737 3221 860 3304 reliqui
878 3221 1080 3298 exteriores
1090 3227 1125 3284 et
1140 3220 1287 3302 ingrcssi
1304 3226 1386 3281 sunt

441 3327 616 3400 equestres
642 3327 821 3384 vastantes
853 3321 978 3385 omnia.
1041 3319 1320 3400 corrueruntque
1342 3337 1386 3382 ex

442 3417 555 3482 Scotis
569 3419 606 3481 iu
625 3418 679 3486 die
696 3419 768 3495 illa,
784 3427 911 3500 praeter
931 3421 1127 3483 submersos
1147 3420 1286 3490 multos,
1303 3437 1386 3499 quo·

441 3535 516 3578 rum
544 3518 693 3586 nescitur
719 3538 893 3596 numerus,
919 3525 954 3582 et
985 3526 1110 3600 praeter
1136 3519 1236 3600 quasi
1262 3517 1388 3598 viginti

442 3623 630 3695 equestres,
655 3616 906 3699 quinquaginta
929 3618 1037 3682 millia
1059 3617 1212 3700 peditum
1228 3636 1388 3680 numera·

441 3713 578 3777 torum.2
623 3715 709 3778 Erat
731 3724 845 3780 autem
871 3717 1052 3781 Scotorum
1076 3718 1248 3782 exercitus
1271 3737 1386 3781 nume-

441 3822 552 3890 ratus,
577 3822 617 3878 ut
645 3816 805 3884 dicebant
831 3817 891 3898 qui
918 3817 1012 3899 capti
1042 3824 1134 3894 sunt,
1163 3819 1263 3900 quasi
1292 3817 1386 3879 mille

440 3923 617 3995 equestres
654 3917 791 3991 armati,
833 3925 869 3980 et
898 3916 1054 3999 peditum
1091 3917 1191 3998 quasi
1231 3923 1388 3980 trecenta

474 4140 483 4171 ¹
501 4141 686 4203 ‘sceltrouuls,’
698 4141 755 4190 MS.
768 4142 863 4190 Lansd.
925 4141 977 4189 loss
988 4141 1017 4188 ol
1024 4141 1067 4190 the
1079 4141 1151 4190 Sccts
1160 4147 1187 4190 nt
1198 4143 1277 4190 above
1289 4146 1388 4206 σθω,

473 4207 673 4274 ²Walsinghum
700 4212 829 4261 estimates
857 4210 900 4259 the
925 4210 1012 4259 Triret
1023 4215 1050 4263 at
1060 4211 1139 4260 ebore
1151 4215 1242 4273 2⁰‚ooo
1251 4226 1317 4262 men.
