3126 4986
397 459 441 522 58
476 501 478 504 -
767 473 978 520 CHRONIGON

249 671 339 711 mn„
354 670 372 709 1,
398 633 484 713 cipis
520 631 657 695 Leulini
691 650 728 694 sc
758 631 977 694 descendisse
1009 629 1181 705 dicebant,
1209 636 1244 692 et
1275 629 1353 692 ideo
1556 711 1557 716 ἵ

250 723 310 761 ⁸·D·
320 721 377 760 ¹²⁹⁴'
398 751 522 795 noman
539 731 704 813 principis
719 731 887 794 suscitare
905 730 1039 793 debera
1092 728 1182 806 Quae
1198 747 1277 792 cum
1293 747 1353 790 au·

398 830 507 895 disset
533 850 608 907 rex,
633 848 713 892 mox
745 835 957 910 congregato
986 828 1141 893 exercitu
1168 827 1356 891 declinavit
1556 827 1557 850 ³

396 931 538 1006 ibidem,
555 929 740 1010 missisque
755 929 865 992 literis
881 928 923 992 ad
940 927 1118 991 dominum
1133 927 1353 990 Edmundum

395 1030 540 1093 fratrem
567 1048 668 1092 suum
697 1035 732 1092 et
759 1029 919 1092 comitem
936 1025 1153 1102 Lincolniae,1
1180 1027 1240 1109 qui
1270 1035 1355 1090 tunc

398 1129 564 1211 temporis
579 1128 615 1191 in
631 1134 734 1210 portu
755 1127 797 1191 de
822 1125 1103 1190 ‘Ponesmuth'2
1128 1146 1204 1188 oum
1234 1126 1355 1190 multis

400 1228 551 1292 millibus
576 1235 786 1290 armatorum
810 1226 924 1308 parati
940 1225 1076 1290 fuerant
1093 1226 1127 1289 in
1140 1225 1354 1288 Vasconiam

401 1326 637 1402 transfretare,
647 1334 687 1389 ut
702 1325 747 1389 ad
766 1345 841 1388 eum
858 1327 894 1390 in
905 1325 1158 1388 Walliamcum
1176 1325 1269 1387 omni
1287 1325 1355 1388 fes-

398 1425 569 1489 tinatione
585 1426 755 1499 redirent;
785 1426 846 1506 qui
871 1444 949 1487 cum
973 1425 1150 1488 audissent
1166 1424 1252 1488 talia
1275 1444 1357 1506 pro-

401 1526 569 1605 perabant
602 1525 645 1588 ad
674 1544 765 1600 eum,
795 1531 832 1587 et
854 1530 1057 1587 manserunt
1085 1523 1210 1586 ibidem
1244 1542 1355 1604 usque

239 1653 364 1695 nram
402 1624 473 1686 fere
486 1624 531 1687 ad
545 1624 694 1687 medium
713 1623 1007 1704 Quadragesimae.
1060 1621 1216 1703 Contigit
1238 1631 1356 1686 autem

239 1702 349 1793 1111ξίῗῖ
351 1714 361 1742 '
403 1723 495 1804 quod
524 1724 579 1786 die
607 1723 720 1788 sancti
745 1723 890 1786 Martini
919 1723 955 1784 in
992 1721 1114 1804 hyeme
1147 1722 1227 1784 dum
1262 1722 1354 1784 idem

241 1803 346 1893 lillll·
403 1842 518 1886 comes
551 1822 739 1886 Lincolniae
773 1822 817 1886 ad
843 1829 996 1884 castrum
1030 1840 1130 1884 suum
1164 1821 1207 1884 de
1238 1821 1355 1904 Tyne-

402 1921 489 1985 bech
507 1929 587 1986 ante
604 1942 721 2003 regem
736 1927 892 1984 nostrum
913 1920 1105 1997 festinaret,
1120 1921 1150 1984 si
1166 1919 1255 1983 forte
1267 1920 1353 1984 illud

403 2022 541 2086 salvare
576 2028 705 2103 posset,
738 2021 830 2084 sicut
854 2019 1010 2097 credidit,
1036 2019 1197 2084 obviatus
1230 2026 1285 2083 est
1311 2021 1356 2083 ab

403 2121 598 2184 hominibus
624 2121 696 2184 suis
720 2119 867 2201 propriis
882 2119 1131 2197 Walleusibus,
1146 2119 1250 2183 habet
1265 2119 1356 2182 enim

402 2221 530 2283 ibidem
544 2219 672 2282 multas
686 2219 921 2301 possessiones
944 2225 980 2281 et
994 2225 1120 2294 castra,
1143 2220 1202 2300 qui
1218 2219 1353 2300 quidem

404 2318 601 2381 Wallenses
629 2317 684 2380 sui
709 2316 892 2380 commisso
930 2336 1008 2380 cum
1036 2338 1077 2381 eo
1107 2319 1206 2398 gravi
1232 2319 1357 2400 proelio

405 2413 714 2496 ‘praevaluerunt’³
729 2415 896 2478 adversus
914 2436 1006 2492 eum,
1017 2424 1053 2480 et
1067 2417 1258 2480 interfectis
1275 2417 1356 2481 hinc

405 2514 485 2576 inde
500 2514 629 2591 multis
647 2515 761 2597 ipsum
777 2515 930 2592 tandem,
948 2535 1025 2579 cum
1047 2515 1122 2600 jam
1140 2517 1198 2579 diu
1217 2524 1357 2581 strenue

406 2612 602 2688 militasset,
628 2614 663 2676 in
691 2613 809 2695 fugam
839 2635 917 2678 cum
950 2616 1070 2697 paucis
1101 2623 1356 2680 converterunt.

242 2754 358 2803 ,hem
407 2712 486 2775 Rex
514 2713 619 2776 etiam
644 2721 774 2789 noster,
798 2713 944 2777 transito
968 2715 1107 2778 flumine
1131 2716 1174 2778 de
1190 2715 1356 2799 Conway,

242 2805 361 2904 fflssglff
406 2812 487 2875 dum
512 2813 555 2875 ad
571 2818 724 2874 castrum
747 2812 936 2876 declinaret
958 2834 1027 2877 non
1047 2822 1099 2878 est
1116 2833 1192 2878 eum
1216 2824 1357 2879 secutus

242 2907 295 2945 ⁸¹⁰⁰·
406 2917 501 2974 totus
530 2911 718 2988 exercitus
745 2912 836 2974 unde
868 2913 1229 2994 superabundantibus
1258 2915 1357 2996 aquis

406 3011 512 3074 maris
551 3018 587 3074 et
617 3011 785 3075 ductuum
816 3012 1010 3076 subitorum
1051 3014 1213 3077 obsessus
1250 3021 1304 3076 est
1336 3033 1357 3077 a

407 3109 643 3175 Wallensibus
666 3131 728 3193 per
745 3099 880 3192 tempus
901 3110 1049 3192 aliquod.
1103 3113 1160 3176 Sic
1176 3119 1357 3194 separatus
1373 3191 1375 3194 .

405 3229 428 3272 a
467 3211 539 3274 suis
571 3218 606 3274 et
641 3210 803 3274 exclusus
838 3229 1030 3292 passusque
1059 3220 1112 3275 est
1143 3212 1188 3274 ad
1220 3219 1357 3294 tempus

406 3309 578 3372 modicum
614 3316 649 3372 et
682 3309 808 3372 famem
842 3317 878 3372 et
911 3311 1016 3387 sitim,
1043 3311 1197 3393 bibitque
1230 3330 1357 3394 aquam

404 3425 484 3468 cum
502 3407 601 3469 melle
627 3394 773 3470 mixtam
799 3415 834 3470 et
860 3428 984 3490 panem
1010 3410 1047 3472 in
1076 3411 1260 3474 saturitate
1288 3431 1356 3473 non

406 3504 573 3578 comedit;
634 3516 967 3587 praeoccupaverant
1022 3509 1111 3572 enim
1162 3509 1359 3573 Wallenses

404 3603 594 3684 quadrigas
611 3621 704 3681 suas,
728 3606 762 3666 et
776 3605 985 3670 victualibus
1004 3608 1156 3690 acceptis
1172 3615 1207 3672 et
1221 3609 1360 3685 ablatis,

405 3701 558 3764 homines
584 3722 671 3783 quos
700 3710 863 3784 poterant
889 3706 1150 3772 detruncabant.
1203 3707 1360 3790 Cumque

441 3847 449 3876 ¹
468 3846 558 3907 Henry
569 3847 601 3895 de
614 3847 693 3909 any,
702 3847 770 3895 third
782 3848 834 3896 earl
843 3848 872 3897 of
896 3848 983 3914 bury,)
1005 3851 1037 3900 he
1056 3853 1169 3915 became,
1184 3852 1243 3914 jure
1264 3854 1360 3916 uxoris,

405 3917 520 3978 Lincoln,
532 3917 675 3966 sueceeded
692 3917 732 3966 his
749 3917 832 3966 father
842 3918 869 3966 in
898 3921 959 3970 Earl
970 3921 1000 3969 of
1007 3921 1151 3983 Salisbury.

406 4127 532 4188 daughter
543 4127 594 4174 and
605 4127 741 4177 co-heirof
755 4127 870 4174 urinam
895 4087 1083 4154 ‘P⁰¹t⁶⁸¹¹¹¹¹¹¹²'
1094 4093 1153 4142 MS·
1166 4093 1262 4142 md·

407 4195 439 4242 de
459 4196 616 4258 Lcngespee,
634 4193 693 4262 (son
711 4196 741 4244 os
755 4195 870 4244 William
932 4190 966 4220 ³‘
975 4194 1180 4255 proeliaverunt,'
1195 4194 1271 4244 MSS.
1293 4194 1351 4242 Coll

407 4264 438 4311 de
465 4264 623 4327 Longespee‚
649 4264 711 4313 Earl
738 4263 766 4312 of
791 4265 870 4314 Salis-
896 4264 969 4313 Arm.
982 4264 1031 4311 and
1044 4263 1112 4314 Gon.
1124 4264 1183 4314 Tib.
