3138 4988
432 467 602 515 wnnrnru
632 468 677 546 nn
699 468 982 516 nnutnonunen.
1090 443 1177 519 Ι343

223 623 334 689 tribus
357 644 435 689 cum
457 625 581 689 militia
606 633 723 690 vestre
746 633 784 690 et
811 627 980 703 exercitu,
1001 628 1068 691 sub
1089 647 1171 692 con·
1187 646 1336 738 ³}'13¹‘}³¹,¹,¹·

223 725 354 788 ditione
386 725 513 789 bellum
548 725 785 789 committendi
815 746 894 789 cum
918 727 1008 808 ipso,
1036 728 1171 792 ardenti
1190 724 1336 760 “’“”··-’·

222 823 347 888 affectu
373 843 505 888 moram
535 824 704 888 faceretis.
756 824 868 906 Super
892 826 1017 906 quibus
1040 828 1171 902 sciatis,

221 922 359 1002 quodsi
377 923 540 1005 usquead
556 923 646 986 diem
662 922 828 986 Mercurii
843 925 1003 1005 proximo
1017 924 1171 989 futurum

221 1022 500 1102 expectaveritis,
522 1022 681 1084 dominus
704 1041 800 1085 meus
822 1041 886 1086 rex
911 1024 1007 1087 vobis
1030 1025 1080 1088 sic
1109 1044 1171 1106 ap·

220 1121 450 1200 proximando
472 1120 786 1196 castrametabitur,
804 1122 897 1203 quod
922 1122 977 1186 die
997 1123 1021 1187 J
1024 1124 1100 1187 ovis
1115 1124 1171 1190 vel

222 1217 370 1283 Veneris
396 1225 574 1301 sequente,
606 1220 636 1282 si
669 1226 784 1283 tamen
811 1221 848 1284 iu
879 1219 957 1285 loco
987 1224 1171 1297 communi,

221 1318 320 1398 aquis
356 1319 412 1382 vel
451 1319 528 1382 aliis
567 1319 830 1399 impedimentis,
866 1317 1171 1400 deceptionibusve

223 1417 442 1491 notabilibus,
470 1416 667 1480 nullatenus
684 1417 1011 1499 ‘impedientibu8,'¹
1026 1418 1171 1496 fueritis,

221 1515 349 1578 bellum
374 1517 552 1580 vobiscum
595 1516 810 1580 committere
847 1523 883 1580 ct
927 1518 1002 1598 ipse
1035 1518 1169 1583 ardenti

220 1613 347 1678 affectu
376 1634 445 1678 non
476 1614 639 1679 tardabit.
707 1615 752 1678 Et
782 1616 824 1692 si,
858 1622 898 1678 ut
936 1617 1169 1698 proemittitur,
1242 1691 1244 1696 ¹

221 1731 352 1776 moram
395 1713 556 1789 feceritis,
592 1733 636 1776 ex
672 1720 771 1794 parte
810 1714 940 1777 domini
978 1716 1045 1780 mei
1077 1716 1168 1796 regis

222 1810 314 1891 quod
341 1831 410 1875 non
440 1810 618 1887 deficietis,
643 1812 743 1875 vobis
774 1811 957 1891 fidejussor
986 1833 1052 1896 ego
1081 1833 1168 1879 sum.

221 1909 503 1974 Trementissime
534 1909 684 1985 domine,
715 1911 745 1973 si
776 1911 943 1991 praedicta
974 1932 1058 1976 vera
1093 1931 1171 1976 esse

223 2028 292 2072 non
318 2009 470 2086 creditis,
498 2009 656 2074 dominus
686 2028 782 2072 meus
819 2009 982 2086 Boemiae,
1009 2011 1168 2075 dominus

219 2108 262 2170 de
283 2107 385 2186 Niez,
400 2108 557 2173 dominns
577 2107 863 2184 constabularius,
884 2108 1041 2172 dominus
1071 2129 1168 2174 meus

221 2206 469 2289 Lothoringiae,
491 2208 582 2271 sicut
607 2207 706 2270 vobis
726 2207 839 2270 scribo
859 2226 921 2288 per
941 2207 1062 2272 literas
1084 2227 1166 2272 suas

220 2312 325 2369 testes
336 2305 431 2371 fient.
482 2305 656 2386 Scriptum
671 2305 764 2387 apud
782 2305 947 2372 Sanctum
960 2306 1167 2384 Quintinum

219 2421 309 2469 xvn.
328 2406 383 2469 die
402 2405 563 2470 Octobris
578 2405 614 2467 in
630 2410 743 2468 nocte.

269 2504 464 2585 Responsio
485 2503 617 2567 domini
640 2504 803 2585 Hugonis
824 2503 869 2584 de
891 2501 1046 2580 Geneve,
1064 2503 1167 2587 jussu
1181 2515 1332 2607 &termo

218 2605 308 2684 regis
323 2603 474 2685 Angliae,
492 2602 571 2668 talis
589 2610 674 2666 erat.
1182 2617 1247 2667 Kos·

269 2703 501 2767 Dilectissimo
555 2702 820 2781 consanguinee,
866 2701 986 2765 literas
1035 2709 1168 2766 vestras

218 2803 332 2882 recepi
376 2811 412 2866 et
451 2801 621 2876 intellexi,
651 2799 999 2882 reverentissimoque
1030 2801 1167 2865 domino

216 2919 294 2964 meo
313 2901 388 2981 regi
405 2898 544 2980 Angliae
558 2899 650 2976 illas,
665 2899 757 2962 sicut
772 2900 935 2980 rogastis,
956 2909 1166 2980 praesentare

219 3017 287 3061 non
309 2999 439 3063 distuli.
487 2997 599 3079 Super
626 2997 749 3079 quibus
775 2998 862 3060 bene
886 2999 1007 3073 nostis,
1026 3018 1088 3062 nec
1104 3018 1166 3062 vos

218 3095 596 3181 latere‘potest’2cum
607 3095 780 3160 notorium
790 3096 837 3160 sit
848 3102 883 3159 et
892 3104 1062 3177 apertum,
1073 3098 1165 3179 quod

217 3216 280 3260 rex
318 3195 456 3278 Angliee
495 3195 654 3259 dominus
693 3213 788 3259 meus
826 3213 968 3276 regnum
1008 3195 1165 3259 Franciae

213 3296 369 3372 intravit,
385 3296 567 3376 tribusque
590 3294 793 3376 septimanis
813 3300 849 3358 et
869 3293 1018 3374 amplius
1039 3294 1076 3357 in
1101 3294 1163 3358 illo

215 3397 364 3474 mansit;
388 3413 485 3458 more
499 3412 564 3456 sua
585 3394 636 3456 ita
657 3403 711 3458 est
727 3393 863 3456 notoria
880 3400 914 3456 et
932 3399 1053 3474 aperta
1070 3393 1162 3477 quod

213 3494 373 3559 dominus
391 3501 506 3558 vester
528 3512 590 3556 rex
607 3491 774 3568 Franciee,
790 3493 820 3555 si
834 3492 1013 3569 voluisset,
1027 3492 1087 3558 diu
1111 3501 1164 3557 est

214 3594 306 3674 quod
322 3593 449 3658 bellurn
464 3593 651 3657 habuisset.
703 3592 872 3656 Dominus
887 3610 982 3655 meus
1000 3611 1083 3657 vero
1100 3611 1163 3656 rex

215 3692 353 3774 Anglioe
377 3694 410 3756 in
436 3691 529 3756 dicto
559 3710 664 3772 regno
690 3709 800 3773 usque
826 3690 872 3754 ad
898 3691 988 3754 diem
1013 3711 1074 3772 per
1102 3709 1164 3757 vos

213 3793 427 3873 assignatum
462 3810 570 3854 causa
602 3789 726 3853 bellum
759 3790 1004 3867 committendi,
1038 3791 1068 3854 si
1100 3810 1163 3854 rex

213 3890 371 3954 dominus
403 3899 519 3954 vester
549 3891 667 3953 venire
698 3879 855 3963 voluerit,
888 3889 1000 3952 adbuc
1031 3908 1163 3952 moram

251 4072 257 4100 ¹
275 4073 488 4156 ‘impepmentot
510 4071 674 4152 Mssafflt·
737 4100 880 4166 ’‘potuit'
900 4105 976 4154 uss.
999 4105 1066 4156 con.
1085 4106 1165 4163 Nero,

212 4145 292 4207 Nero
311 4142 543 4206 n.n.‚and0011·
560 4140 631 4189 T'ffl·
643 4141 676 4194 Β·
703 4140 1012 4239 n.u.,anub0u.run.
1025 4177 1057 4226 n.
1070 4180 1149 4240 s‚1o.

211 4219 290 4276 uio.
