3144 4990
413 499 584 548 wenrnnr
608 497 656 544 nn
679 496 964 546 nnurnonnncn.
1095 477 1161 542 371

209 661 301 731 runt,
329 655 490 720 dominus
516 665 579 718 rex
603 656 790 728 reformare
817 654 956 738 placcat
982 672 1024 717 ae
1047 665 1323 756 flmffl·²}l13¹‘},{}¹·

207 751 305 817 dore.
356 755 446 818 Item
467 773 547 819 oum
572 775 641 819 non
658 755 769 836 solnm
793 755 942 818 ministri
967 752 1022 816 sni
1048 742 1315 838 diver-ff

207 870 324 934 seeqne
341 853 549 918 conditionis
574 852 750 930 officiales,
777 863 904 917 terram
920 857 1157 934 peragrantes,
1171 849 1323 946 gffg’ggssn..

140 1031 143 1036 Ι
207 950 342 1028 domne,
365 953 543 1034 grangias,
561 971 602 1017 ec
621 953 699 1016 loce
722 953 794 1018 olio
821 952 1157 1035 archiepiscoporum
1171 948 1311 1045 {mgb

207 1051 460 1133 episcoporum,
478 1051 717 1132 religiosorum
733 1051 892 1126 eliormn,
915 1069 1049 1122 necnon
1066 1049 1157 1114 viros
1171 1047 1267 1087 σθω·

207 1167 283 1212 rum
299 1148 611 1214 ecclesiasticorum
636 1151 779 1227 intrant,
801 1151 874 1214 sine
900 1149 1082 1214 custodum
1099 1147 1156 1210 fir·

206 1249 439 1316 marierumve
455 1249 647 1325 voluntate,
673 1250 765 1312 bona
791 1268 855 1330 pro
878 1249 977 1314 libito
1000 1247 1156 1329 capiunt,

205 1345 381 1430 invitoque
408 1355 612 1429 asportant3
642 1347 747 1410 immo
769 1349 948 1428 praemissn
969 1347 1043 1410 ficri
1067 1365 1156 1426 prse-

203 1446 384 1528 cipientes,
412 1453 558 1529 actaque
587 1465 650 1510 suo
676 1447 813 1510 nomine
832 1453 910 1510 rote
933 1445 1099 1508 habentes
1120 1452 1156 1507 et

202 1553 318 1626 grata,
351 1546 519 1628 saepefato
548 1545 723 1611 sententia
748 1553 831 1608 sunt
856 1544 1023 1620 innodati,
1044 1543 1155 1607 domi-

203 1663 269 1708 nus
285 1665 349 1708 rex
365 1644 551 1708 remedium
569 1663 742 1727 apponere
756 1645 894 1726 placeat
902 1651 1132 1725 opportunum
1145 1661 1153 1706 :

205 1742 422 1806 dissimulare
437 1744 527 1809 enirn
545 1762 615 1805 non
631 1762 814 1824 possumus
828 1742 912 1823 quin
928 1749 1049 1805 contro
1066 1741 1154 1805 tales

204 1848 310 1922 prout
325 1837 511 1924 pastoralis
537 1839 639 1904 officii
662 1861 746 1905 cura
769 1841 940 1922 exegerit,
956 1848 991 1902 et
1008 1860 1069 1922 per
1084 1839 1154 1902 fre·

205 1948 276 2003 tres
303 1947 442 2008 nostres
464 1946 501 2003 et
527 1939 777 2021 suffraganeos,
799 1939 890 2020 quod
918 1939 1017 2001 nobis
1044 1945 1079 2001 et
1102 1938 1154 2000 eis

166 2037 167 2040 ’
205 2038 375 2105 incumbit
390 2057 617 2120 exequemur.
671 2038 811 2101 Nostrae
825 2046 939 2101 tamen
954 2036 1155 2101 intentionis

204 2157 274 2203 non
301 2147 355 2203 est
378 2137 554 2202 dominnm
580 2144 735 2201 nostrmn
758 2155 887 2217 regem,
900 2136 1075 2200 dominam
1102 2154 1155 2198 re-

203 2237 335 2318 ginam,
350 2244 415 2302 ent
436 2236 563 2301 liberos
580 2236 766 2300 eorundem
782 2235 884 2300 dietis
900 2234 1080 2299 sententiis
1101 2234 1154 2296 in-

204 2336 299 2400 volvi
312 2355 374 2400 sen
391 2335 643 2418 comprehendi,
655 2342 828 2417 quatenns
839 2334 883 2397 de
894 2334 975 2417 jore
991 2339 1155 2414 poterunt

202 2436 403 2499 excusori.''

205 2655 347 2738 Qualiter·
355 2650 858 2816 Areliepiscopiesfflmnmeb
865 2646 991 2732 scripsit
1001 2645 1154 2730 Episcopo

698 2767 786 2813 reno.

253 2927 341 2991 Post
369 2925 445 2993 becc
474 2942 613 3006 quoque
645 2918 929 3000 archiepiscopus
959 2915 1152 2992 lohannes,

200 3033 301 3108 pater
334 3023 551 3098 venerabilis,
580 3021 627 3084 de
664 3038 733 3102 quo
766 3037 835 3081 non
866 3034 979 3096 pauca
1011 3015 1153 3078 sinistre

199 3125 299 3206 plebs
316 3124 455 3188 indocte
470 3120 599 3197 retulit,
614 3118 764 3200 simplex
782 3121 817 3178 et
834 3114 940 3189 rudis,
956 3113 1096 3176 incertis
1109 3132 1151 3176 ac

201 3223 396 3287 rumoribus
418 3222 563 3296 intenta,
582 3218 749 3298 vanisque
773 3211 1010 3278 favorabiliter
1031 3229 1150 3274 aurern

199 3321 384 3398 inclinans,
402 3321 564 3402 episcopo
595 3311 830 3380 Londoniensi
852 3311 970 3375 literas
988 3311 1093 3386 misit,
1110 3316 1150 3373 ut

195 3419 422 3502 subsequitur
433 3418 659 3483 continentes.

250 3519 304 3583 “J
307 3517 472 3593 ohannes,
491 3516 558 3580 Dei
570 3521 583 3552 ‘
593 3512 819 3598 permissione
832 3508 952 3573 divina
967 3505 1151 3574 cantuari„
1162 3529 1283 3619 3353.

198 3619 292 3682 ensis
320 3617 613 3699 archiepiscopus,
638 3611 746 3677 totins
780 3607 919 3690 Angliee
954 3607 1083 3688 primas
1114 3613 1150 3668 et
1162 3591 1311 3718 puppim

196 3717 403 3800 apostolicae
415 3716 509 3779 sedis
523 3709 695 3795 legum*
713 3707 901 3774 venerabili
916 3705 1015 3770 fratri
1030 3712 1150 3768 nostro
1164 3729 1243 3777 nnnop
1252 3729 1276 3767 οι

201 3815 402 3898 Redulpbo,
436 3813 504 3878 Dei
538 3811 654 3894 gratia
698 3806 930 3872 Londoniensi
960 3799 1149 3885 episcopo,²
1162 3779 1257 3818 L⁰¹'‘¹⁰¹²'

196 3917 349 3982 salutem
365 3922 402 3978 et
416 3913 604 3976 fraternam
623 3911 657 3972 in
675 3907 825 3972 Domino
841 3903 1033 3967 neritrdem.
1061 3900 1149 3964 Cum

236 4102 386 4166 'supplied
413 4103 477 4150 lrom
506 4099 563 4148 Me.
587 4098 661 4146 Harl.
687 4087 1150 4156 daryofSt.Paul'sandSelisbury,
1249 4135 1254 4139 .

199 4180 259 4224 655.
687 4180 742 4214 was
752 4163 851 4212 elected
863 4161 960 4222 Bislrop
971 4161 1000 4210 oi
1009 4159 1111 4208 London
1119 4173 1151 4206 on

234 4241 245 4272 ⁹
262 4241 346 4303 Rolph
357 4242 389 4290 de
405 4238 540 4300 stratford,
553 4237 663 4286 Proben-
687 4235 730 4283 the
742 4231 841 4282 nothos
851 4232 868 4281 J
870 4244 976 4292 anuary,
989 4232 1061 4279 1³40.

928 4337 942 4372 s
961 4337 975 4372 s
994 4327 1009 4371 2
