3144 4990
416 464 482 528 410
783 479 993 530 eunonrcou

254 652 402 742 ffi'ri‘irii'
467 645 491 678 “
504 637 711 715 Edwardus,
725 644 792 702 etc.
808 638 990 719 delegatis,
1013 637 1258 720 subdelegatis,
1281 657 1363 704 exe·

253 729 401 833 W
416 738 604 812 cutoribns,
632 737 940 802 subexecutoribus
971 737 1174 818 gratiarnm,
1206 739 1362 820 personis

252 832 392 923 ffiffiffl‘
416 837 619 918 alienigenis
634 836 677 900 de
690 835 864 900 beneficiis
881 836 1123 902 ecelesiasticis
1138 838 1236 918 regni
1252 838 1361 902 nostri

251 933 390 1031 ξξζζῗζζῗξ·
415 933 567 1016 Angliae‚
602 935 807 1000 vacantibus
844 935 900 1002 vel
932 935 1119 1016 vacaturis,
1154 956 1217 1018 per
1245 936 1361 1002 sedem

251 1032 643 1121 fflfflfffflapostolicam
676 1053 926 1111 concessarum,
962 1054 1003 1100 ao
1034 1035 1119 1116 ipsis
1160 1034 1361 1122 alienigenis

251 1132 401 1182 mmm·
415 1142 450 1198 et
487 1134 766 1215 procuratoribus
807 1152 848 1197 ec
885 1134 1020 1198 nunciis
1054 1140 1090 1198 et
1126 1153 1245 1200 eorum
1280 1135 1361 1198 sub-

415 1233 546 1298 stitutis
570 1252 612 1298 ac
627 1233 772 1297 notariis
795 1232 941 1314 publicis
964 1240 999 1296 et
1018 1232 1175 1298 omnibus
1200 1233 1359 1298 fidelibus

415 1332 502 1406 suis,
535 1331 693 1396 salutem.
747 1330 840 1409 Quia
868 1332 1079 1413 provisiones
1109 1330 1270 1398 ‘factee'¹
1299 1351 1362 1414 per

414 1431 530 1496 sedem
561 1430 787 1512 apostolicam
824 1431 1035 1496 excessivius
1068 1431 1173 1496 solito
1203 1431 1360 1513 personis

414 1528 626 1610 alienigenis,
670 1528 715 1594 de
753 1528 928 1594 boneficiis
973 1529 1214 1596 ecclesiasticis
1260 1530 1359 1610 regni

414 1629 522 1691 nostri
555 1626 694 1708 Angliee
732 1627 797 1692 biis
827 1627 959 1705 diebus,
990 1628 1115 1696 nedum
1153 1629 1190 1694 in
1227 1629 1358 1711 depau-

413 1727 623 1806 perationem
652 1726 737 1792 dicti
766 1728 864 1807 regni
894 1734 930 1792 et
959 1727 1219 1792 diminutionem
1250 1727 1357 1796 divini

412 1824 528 1890 cultus
555 1825 694 1901 ibidem,
723 1825 784 1888 sed
825 1825 861 1890 in
896 1827 1005 1892 nostri
1035 1833 1071 1892 et
1101 1825 1192 1908 juris
1221 1844 1358 1892 corooae

412 1929 541 1987 nostrae
569 1925 674 2004 regiae
702 1923 917 1988 intolerabile
945 1924 1197 2008 prmjudicium,
1226 1932 1262 1989 et
1292 1944 1356 1990 ex·

412 2020 666 2088 haeredationis·
691 2023 801 2086 nostri
837 2029 873 2088 et
914 2023 1130 2090 subditorum
1161 2029 1356 2091 nostrorum

411 2120 601 2200 periculum
623 2120 855 2196 manifestum,
872 2139 913 2186 ac
930 2121 1191 2188 diminutionem
1206 2128 1241 2188 et
1261 2141 1356 2186 ener-

411 2219 584 2284 vationem
610 2220 700 2302 juris
730 2225 933 2300 patronatus
966 2227 1002 2287 et
1029 2219 1279 2293 advocationis,
1312 2220 1355 2290 ad

412 2336 476 2382 nos
498 2325 534 2382 et
556 2317 676 2382 fideles
698 2325 836 2384 nostros
858 2319 895 2384 in
916 2317 1096 2398 harperto
1113 2319 1356 2402 spectantium,

412 2415 533 2481 cedere
574 2415 839 2496 dignoscuntur,
880 2435 924 2480 ex
964 2417 1103 2498 quibus,
1145 2418 1212 2482 nisi
1257 2417 1354 2484 Deus

410 2520 559 2590 avertat,
590 2513 713 2592 grevia
740 2513 851 2577 timeri
877 2523 1024 2593 possunt
1052 2514 1249 2580 discrimina
1275 2535 1355 2597 pro·

410 2612 547 2689 venire3
580 2629 643 2676 uos
683 2611 726 2678 ad
769 2611 1052 2677 instantissimam
1096 2613 1356 2692 requisitionem

410 2709 666 2774 communitatis
687 2709 771 2774 dicti
799 2709 897 2789 regni
926 2709 1036 2776 nostri
1063 2709 1099 2772 in
1126 2711 1356 2792 parliamento

410 2816 529 2873 nostro
572 2807 664 2890 apud
708 2807 1056 2875 westmonasterium
1101 2809 1136 2876 in
1181 2809 1355 2890 quindeno

410 2906 556 2972 Paschae
580 2907 704 2974 ultimo
735 2907 912 2988 praeterita
941 2914 1131 2974 convocato
1157 2909 1256 2974 nobis
1281 2907 1353 2976 fao-

409 3013 493 3082 tam,
514 3006 559 3072 de
578 3006 723 3072 consilio
748 3011 783 3072 ct
807 3023 952 3071 assensu
975 3006 1151 3083 comitum,
1171 3007 1353 3084 baronum,

404 3104 687 3188 justitiariorum,
717 3111 752 3167 et
782 3103 927 3171 aliorum
959 3103 1110 3170 fidelium
1146 3112 1352 3183 nostrorum,

408 3204 534 3269 ibidem
551 3211 633 3270 tune
648 3202 881 3279 existentium,
897 3201 1050 3268 volentes
1067 3202 1174 3268 tantis
1191 3204 1353 3284 periculis

409 3321 600 3378 occurrere,
628 3308 664 3366 et
693 3308 838 3368 conatus
870 3319 988 3367 eorum
1017 3301 1078 3384 qui
1109 3301 1353 3370 advocationes

409 3409 445 3464 et
456 3401 539 3484 jura
554 3418 691 3468 coronae
714 3406 842 3464 nostres
860 3400 965 3482 regiae
986 3399 1144 3465 nituntur
1159 3400 1354 3482 praeripere,

408 3519 472 3579 pro
501 3500 645 3574 viribus,
668 3503 707 3563 ut
734 3503 884 3574 constat,
910 3496 1105 3572 refraenare,
1130 3499 1228 3566 vobis
1250 3517 1354 3581 super

407 3597 501 3662 omni
535 3596 628 3677 quod
668 3595 768 3662 nobis
806 3595 1002 3661 forisfacero
1038 3597 1195 3678 poteritis
1235 3597 1351 3678 probi.

407 3695 541 3771 bemus,
556 3713 601 3757 ne
623 3711 685 3761 vos
706 3692 868 3774 delegati,
885 3692 1113 3773 subdelegati,
1136 3703 1353 3774 executores,

407 3794 676 3856 subexeeutores
713 3790 911 3873 hujusmodi
945 3792 1078 3872 gratias
1109 3813 1171 3874 per
1199 3813 1263 3860 vos
1296 3795 1353 3862 vel

407 3892 495 3957 alios
522 3890 753 3972 exequamini,
778 3910 842 3953 nec
867 3909 930 3976 yos
955 3890 1165 3971 alienigenae,
1191 3911 1354 3973 procura-

406 3997 509 4066 tores,
529 3989 721 4065 substituti,
744 3995 779 4052 et
802 3990 933 4065 nuncii,
956 3989 1051 4070 ipsas
1076 3991 1209 4070 gratias
1233 4010 1351 4078 prose·

405 4090 570 4170 quamini,
598 4107 641 4151 ne
668 4106 731 4151 vos
755 4089 882 4150 notarii
907 4107 1011 4170 super
1036 4089 1122 4169 ipsis
1144 4090 1278 4169 gratiis
1297 4091 1352 4154 vel

654 4235 804 4298 'Supplied
815 4238 879 4286 from
891 4239 949 4288 MS.
960 4239 1036 4288 Harl.
1047 4243 1104 4288 655.
1125 4207 1130 4214 »
1165 4207 1168 4212 Ι
