<?xml version="1.0" encoding="UTF-8"?>
<!DOCTYPE html PUBLIC "-//W3C//DTD XHTML 1.0 Transitional//EN"
    "http://www.w3.org/TR/xhtml1/DTD/xhtml1-transitional.dtd">
<html xmlns="http://www.w3.org/1999/xhtml" xml:lang="en" lang="en">
 <head>
  <title>
</title>
<meta http-equiv="Content-Type" content="text/html;charset=utf-8" />
  <meta name='ocr-system' content='tesseract 3.04.00' />
  <meta name='ocr-capabilities' content='ocr_page ocr_carea ocr_par ocr_line ocrx_word'/>
</head>
<body>
  <div class='ocr_page' id='page_1' title='image "./chronicondomini00hamigoog_0226.png"; bbox 0 0 3166 4992; ppageno 0'>
   <div class='ocr_carea' id='block_1_1' title="bbox 272 663 401 754">
    <p class='ocr_par' dir='ltr' id='par_1_1' title="bbox 272 663 401 754">
     <span class='ocr_line' id='line_1_1' title="bbox 272 663 390 704; baseline -0.008 0"><span class='ocrx_word' id='word_1_1' title='bbox 272 663 362 704; x_wconf 64' lang='lat' dir='ltr'>maara</span> <span class='ocrx_word' id='word_1_2' title='bbox 371 664 390 703; x_wconf 89' lang='lat'>1.</span> 
     </span>
     <span class='ocr_line' id='line_1_2' title="bbox 274 715 401 754; baseline 0.008 -1"><span class='ocrx_word' id='word_1_3' title='bbox 274 716 298 753; x_wconf 78' lang='lat' dir='ltr'>A.</span> <span class='ocrx_word' id='word_1_4' title='bbox 306 715 332 752; x_wconf 85' lang='lat' dir='ltr'>D.</span> <span class='ocrx_word' id='word_1_5' title='bbox 344 715 401 754; x_wconf 71' lang='lat' dir='ltr'>leot.</span> 
     </span>
    </p>
   </div>
   <div class='ocr_carea' id='block_1_2' title="bbox 259 798 403 890">
    <p class='ocr_par' dir='ltr' id='par_1_2' title="bbox 259 798 403 890">
     <span class='ocr_line' id='line_1_3' title="bbox 259 798 403 839; baseline 0.014 -2"><span class='ocrx_word' id='word_1_6' title='bbox 259 798 305 837; x_wconf 79' lang='lat' dir='ltr'>Tire</span> <span class='ocrx_word' id='word_1_7' title='bbox 314 799 403 839; x_wconf 75' lang='lat' dir='ltr'>nuom&#39;</span> 
     </span>
     <span class='ocr_line' id='line_1_4' title="bbox 259 849 338 890; baseline 0.013 -2"><span class='ocrx_word' id='word_1_8' title='bbox 259 849 338 890; x_wconf 71' lang='lat' dir='ltr'>better.</span> 
     </span>
    </p>
   </div>
   <div class='ocr_carea' id='block_1_3' title="bbox 415 467 994 539">
    <p class='ocr_par' dir='ltr' id='par_1_3' title="bbox 415 467 994 539">
     <span class='ocr_line' id='line_1_5' title="bbox 415 467 994 539; baseline 0.002 -1"><span class='ocrx_word' id='word_1_9' title='bbox 415 467 482 538; x_wconf 78' lang='lat'>212</span> <span class='ocrx_word' id='word_1_10' title='bbox 783 489 994 539; x_wconf 71' lang='lat' dir='ltr'>canonicor</span> 
     </span>
    </p>
   </div>
   <div class='ocr_carea' id='block_1_4' title="bbox 420 641 1392 4012">
    <p class='ocr_par' dir='ltr' id='par_1_4' title="bbox 420 641 1392 4012">
     <span class='ocr_line' id='line_1_6' title="bbox 420 641 1367 730; baseline -0.001 -21"><span class='ocrx_word' id='word_1_11' title='bbox 420 663 519 726; x_wconf 89' lang='lat' dir='ltr'>reges</span> <span class='ocrx_word' id='word_1_12' title='bbox 547 644 702 730; x_wconf 84' lang='lat' dir='ltr'>ejusdem</span> <span class='ocrx_word' id='word_1_13' title='bbox 724 647 834 727; x_wconf 90' lang='lat' dir='ltr'>regni,</span> <span class='ocrx_word' id='word_1_14' title='bbox 853 655 924 712; x_wconf 89' lang='lat' dir='ltr'>tam</span> <span class='ocrx_word' id='word_1_15' title='bbox 947 641 1161 730; x_wconf 88' lang='lat' dir='ltr'>temporibus</span> <span class='ocrx_word' id='word_1_16' title='bbox 1186 646 1367 710; x_wconf 89' lang='lat' dir='ltr'>Britonum</span> 
     </span>
     <span class='ocr_line' id='line_1_7' title="bbox 420 743 1368 830; baseline -0.002 -22"><span class='ocrx_word' id='word_1_17' title='bbox 420 765 524 828; x_wconf 88' lang='lat' dir='ltr'>quam</span> <span class='ocrx_word' id='word_1_18' title='bbox 540 743 746 827; x_wconf 83' lang='lat' dir='ltr'>Anglorum,</span> <span class='ocrx_word' id='word_1_19' title='bbox 764 748 923 830; x_wconf 88' lang='lat' dir='ltr'>superius</span> <span class='ocrx_word' id='word_1_20' title='bbox 939 755 975 810; x_wconf 92' lang='lat' dir='ltr'>et</span> <span class='ocrx_word' id='word_1_21' title='bbox 992 746 1162 810; x_wconf 90' lang='lat' dir='ltr'>directum</span> <span class='ocrx_word' id='word_1_22' title='bbox 1178 745 1368 811; x_wconf 86' lang='lat' dir='ltr'>dominium</span> 
     </span>
     <span class='ocr_line' id='line_1_8' title="bbox 421 844 1368 929; baseline -0.003 -19"><span class='ocrx_word' id='word_1_23' title='bbox 421 845 519 925; x_wconf 88' lang='lat' dir='ltr'>regni</span> <span class='ocrx_word' id='word_1_24' title='bbox 552 845 679 910; x_wconf 88' lang='lat' dir='ltr'>Scotiae</span> <span class='ocrx_word' id='word_1_25' title='bbox 708 844 914 922; x_wconf 89' lang='lat' dir='ltr'>habuemnt,</span> <span class='ocrx_word' id='word_1_26' title='bbox 946 854 982 911; x_wconf 97' lang='lat' dir='ltr'>et</span> <span class='ocrx_word' id='word_1_27' title='bbox 1007 847 1043 909; x_wconf 93' lang='lat' dir='ltr'>in</span> <span class='ocrx_word' id='word_1_28' title='bbox 1072 846 1288 929; x_wconf 84' lang='lat' dir='ltr'>possessione</span> <span class='ocrx_word' id='word_1_29' title='bbox 1312 844 1368 908; x_wconf 87' lang='lat' dir='ltr'>vel</span> 
     </span>
     <span class='ocr_line' id='line_1_9' title="bbox 423 943 1368 1028; baseline -0.001 -21"><span class='ocrx_word' id='word_1_30' title='bbox 423 943 522 1028; x_wconf 81' lang='lat' dir='ltr'>quasi</span> <span class='ocrx_word' id='word_1_31' title='bbox 558 945 810 1028; x_wconf 90' lang='lat' dir='ltr'>superioritatis</span> <span class='ocrx_word' id='word_1_32' title='bbox 848 955 884 1010; x_wconf 91' lang='lat' dir='ltr'>et</span> <span class='ocrx_word' id='word_1_33' title='bbox 921 945 1043 1010; x_wconf 76' lang='lat' dir='ltr'><strong>directi</strong></span> <span class='ocrx_word' id='word_1_34' title='bbox 1079 945 1223 1009; x_wconf 90' lang='lat' dir='ltr'>dominii</span> <span class='ocrx_word' id='word_1_35' title='bbox 1258 945 1368 1026; x_wconf 89' lang='lat' dir='ltr'>ipsius</span> 
     </span>
     <span class='ocr_line' id='line_1_10' title="bbox 424 1044 1367 1128; baseline -0.001 -21"><span class='ocrx_word' id='word_1_36' title='bbox 424 1045 523 1126; x_wconf 85' lang='lat' dir='ltr'>regni</span> <span class='ocrx_word' id='word_1_37' title='bbox 545 1044 672 1109; x_wconf 89' lang='lat' dir='ltr'>Scotiae</span> <span class='ocrx_word' id='word_1_38' title='bbox 697 1045 902 1110; x_wconf 83' lang='lat' dir='ltr'>successivis</span> <span class='ocrx_word' id='word_1_39' title='bbox 924 1046 1135 1128; x_wconf 89' lang='lat' dir='ltr'>temporibus</span> <span class='ocrx_word' id='word_1_40' title='bbox 1157 1045 1367 1122; x_wconf 85' lang='lat' dir='ltr'>extiterunt3</span> 
     </span>
     <span class='ocr_line' id='line_1_11' title="bbox 424 1141 1367 1228; baseline -0.002 -20"><span class='ocrx_word' id='word_1_41' title='bbox 424 1163 487 1208; x_wconf 93' lang='lat' dir='ltr'>nec</span> <span class='ocrx_word' id='word_1_42' title='bbox 517 1144 597 1208; x_wconf 87' lang='lat' dir='ltr'>ullis</span> <span class='ocrx_word' id='word_1_43' title='bbox 621 1145 833 1226; x_wconf 85' lang='lat' dir='ltr'>temporibus</span> <span class='ocrx_word' id='word_1_44' title='bbox 858 1141 973 1228; x_wconf 86' lang='lat' dir='ltr'>ipsum</span> <span class='ocrx_word' id='word_1_45' title='bbox 998 1165 1154 1226; x_wconf 85' lang='lat' dir='ltr'>regnum,</span> <span class='ocrx_word' id='word_1_46' title='bbox 1176 1145 1211 1207; x_wconf 90' lang='lat' dir='ltr'>in</span> <span class='ocrx_word' id='word_1_47' title='bbox 1236 1151 1367 1224; x_wconf 90' lang='lat' dir='ltr'>tempo-</span> 
     </span>
     <span class='ocr_line' id='line_1_12' title="bbox 423 1241 1367 1328; baseline -0.003 -21"><span class='ocrx_word' id='word_1_48' title='bbox 423 1243 566 1320; x_wconf 88' lang='lat' dir='ltr'>ralibus,</span> <span class='ocrx_word' id='word_1_49' title='bbox 597 1244 765 1326; x_wconf 87' lang='lat' dir='ltr'>pertinuit</span> <span class='ocrx_word' id='word_1_50' title='bbox 798 1244 852 1308; x_wconf 84' lang='lat' dir='ltr'>vel</span> <span class='ocrx_word' id='word_1_51' title='bbox 885 1245 1034 1328; x_wconf 84' lang='lat' dir='ltr'>pertinet</span> <span class='ocrx_word' id='word_1_52' title='bbox 1064 1245 1189 1327; x_wconf 89' lang='lat' dir='ltr'>quovis</span> <span class='ocrx_word' id='word_1_53' title='bbox 1213 1243 1293 1326; x_wconf 87' lang='lat' dir='ltr'>jure</span> <span class='ocrx_word' id='word_1_54' title='bbox 1323 1241 1367 1305; x_wconf 90' lang='lat' dir='ltr'>ad</span> 
     </span>
     <span class='ocr_line' id='line_1_13' title="bbox 424 1342 1367 1426; baseline 0 -20"><span class='ocrx_word' id='word_1_55' title='bbox 424 1342 602 1407; x_wconf 88' lang='lat' dir='ltr'>ecclesiam</span> <span class='ocrx_word' id='word_1_56' title='bbox 631 1343 886 1426; x_wconf 68' lang='lat' dir='ltr'>supradictam</span> <span class='ocrx_word' id='word_1_57' title='bbox 920 1344 1074 1426; x_wconf 90' lang='lat' dir='ltr'>quinimo</span> <span class='ocrx_word' id='word_1_58' title='bbox 1103 1343 1193 1407; x_wconf 91' lang='lat' dir='ltr'>idem</span> <span class='ocrx_word' id='word_1_59' title='bbox 1224 1362 1367 1424; x_wconf 87' lang='lat' dir='ltr'>regnum</span> 
     </span>
     <span class='ocr_line' id='line_1_14' title="bbox 425 1442 1392 1536; baseline -0.002 -30"><span class='ocrx_word' id='word_1_60' title='bbox 425 1442 551 1506; x_wconf 86' lang='lat' dir='ltr'>Scotiae</span> <span class='ocrx_word' id='word_1_61' title='bbox 582 1443 860 1526; x_wconf 80' lang='lat' dir='ltr'>progenitoribus</span> <span class='ocrx_word' id='word_1_62' title='bbox 898 1443 1055 1526; x_wconf 90' lang='lat' dir='ltr'>praedicti</span> <span class='ocrx_word' id='word_1_63' title='bbox 1090 1443 1219 1507; x_wconf 89' lang='lat' dir='ltr'>domini</span> <span class='ocrx_word' id='word_1_64' title='bbox 1258 1443 1367 1505; x_wconf 89' lang='lat' dir='ltr'>nostri</span> <span class='ocrx_word' id='word_1_65' title='bbox 1373 1497 1392 1536; x_wconf 35' lang='grc' dir='ltr'>ὗ</span> 
     </span>
     <span class='ocr_line' id='line_1_15' title="bbox 425 1540 1364 1625; baseline -0.001 -20"><span class='ocrx_word' id='word_1_66' title='bbox 425 1540 620 1622; x_wconf 90' lang='lat' dir='ltr'>‘regibus&#39;¹</span> <span class='ocrx_word' id='word_1_67' title='bbox 643 1540 782 1623; x_wconf 86' lang='lat' dir='ltr'>Angliae</span> <span class='ocrx_word' id='word_1_68' title='bbox 799 1550 905 1625; x_wconf 88' lang='lat' dir='ltr'>atque</span> <span class='ocrx_word' id='word_1_69' title='bbox 922 1543 988 1607; x_wconf 90' lang='lat' dir='ltr'>sibi</span> <span class='ocrx_word' id='word_1_70' title='bbox 1014 1542 1148 1606; x_wconf 87' lang='lat' dir='ltr'>feodale</span> <span class='ocrx_word' id='word_1_71' title='bbox 1173 1542 1292 1606; x_wconf 86' lang='lat' dir='ltr'>extitit</span> <span class='ocrx_word' id='word_1_72' title='bbox 1319 1543 1364 1604; x_wconf 87' lang='lat' dir='ltr'>ab</span> 
     </span>
     <span class='ocr_line' id='line_1_16' title="bbox 423 1640 1368 1725; baseline 0 -21"><span class='ocrx_word' id='word_1_73' title='bbox 423 1641 580 1722; x_wconf 91' lang='lat' dir='ltr'>antiquo.</span> <span class='ocrx_word' id='word_1_74' title='bbox 626 1640 703 1706; x_wconf 93' lang='lat' dir='ltr'>Nec</span> <span class='ocrx_word' id='word_1_75' title='bbox 720 1643 824 1705; x_wconf 90' lang='lat' dir='ltr'>etiam</span> <span class='ocrx_word' id='word_1_76' title='bbox 841 1663 940 1725; x_wconf 90' lang='lat' dir='ltr'>reges</span> <span class='ocrx_word' id='word_1_77' title='bbox 956 1643 1138 1708; x_wconf 87' lang='lat' dir='ltr'>Scotorum</span> <span class='ocrx_word' id='word_1_78' title='bbox 1156 1649 1191 1705; x_wconf 91' lang='lat' dir='ltr'>et</span> <span class='ocrx_word' id='word_1_79' title='bbox 1213 1660 1368 1722; x_wconf 86' lang='lat' dir='ltr'>regnum,</span> 
     </span>
     <span class='ocr_line' id='line_1_17' title="bbox 423 1739 1366 1823; baseline 0 -19"><span class='ocrx_word' id='word_1_80' title='bbox 423 1739 549 1804; x_wconf 76' lang='lat' dir='ltr'>‘alii&#39;²</span> <span class='ocrx_word' id='word_1_81' title='bbox 585 1759 688 1822; x_wconf 90' lang='lat' dir='ltr'>quam</span> <span class='ocrx_word' id='word_1_82' title='bbox 721 1743 859 1822; x_wconf 84' lang='lat' dir='ltr'>regibus</span> <span class='ocrx_word' id='word_1_83' title='bbox 893 1741 1031 1823; x_wconf 87' lang='lat' dir='ltr'>Angliae</span> <span class='ocrx_word' id='word_1_84' title='bbox 1064 1741 1279 1816; x_wconf 89' lang='lat' dir='ltr'>subfuerunt,</span> <span class='ocrx_word' id='word_1_85' title='bbox 1312 1741 1366 1804; x_wconf 89' lang='lat' dir='ltr'>vel</span> 
     </span>
     <span class='ocr_line' id='line_1_18' title="bbox 425 1839 1368 1924; baseline -0.005 -16"><span class='ocrx_word' id='word_1_86' title='bbox 425 1840 550 1922; x_wconf 86' lang='lat' dir='ltr'>subjici</span> <span class='ocrx_word' id='word_1_87' title='bbox 586 1849 851 1906; x_wconf 89' lang='lat' dir='ltr'>consueverunt.</span> <span class='ocrx_word' id='word_1_88' title='bbox 917 1841 1041 1924; x_wconf 84' lang='lat' dir='ltr'>Neque</span> <span class='ocrx_word' id='word_1_89' title='bbox 1080 1860 1179 1923; x_wconf 86' lang='lat' dir='ltr'>reges</span> <span class='ocrx_word' id='word_1_90' title='bbox 1217 1839 1368 1921; x_wconf 85' lang='lat' dir='ltr'>Angliae,</span> 
     </span>
     <span class='ocr_line' id='line_1_19' title="bbox 424 1938 1370 2024; baseline -0.002 -20"><span class='ocrx_word' id='word_1_91' title='bbox 424 1959 529 2022; x_wconf 91' lang='lat' dir='ltr'>super</span> <span class='ocrx_word' id='word_1_92' title='bbox 550 1938 688 2021; x_wconf 89' lang='lat' dir='ltr'>juribus</span> <span class='ocrx_word' id='word_1_93' title='bbox 711 1941 784 2004; x_wconf 90' lang='lat' dir='ltr'>suis</span> <span class='ocrx_word' id='word_1_94' title='bbox 812 1941 848 2004; x_wconf 87' lang='lat' dir='ltr'>in</span> <span class='ocrx_word' id='word_1_95' title='bbox 874 1961 980 2023; x_wconf 85' lang='lat' dir='ltr'>regno</span> <span class='ocrx_word' id='word_1_96' title='bbox 1004 1941 1181 2024; x_wconf 90' lang='lat' dir='ltr'>praedicto,</span> <span class='ocrx_word' id='word_1_97' title='bbox 1204 1947 1265 2004; x_wconf 89' lang='lat' dir='ltr'>aut</span> <span class='ocrx_word' id='word_1_98' title='bbox 1292 1940 1370 2003; x_wconf 87' lang='lat' dir='ltr'>aliis</span> 
     </span>
     <span class='ocr_line' id='line_1_20' title="bbox 425 2039 1368 2124; baseline -0.001 -21"><span class='ocrx_word' id='word_1_99' title='bbox 425 2039 497 2103; x_wconf 87' lang='lat' dir='ltr'>suis</span> <span class='ocrx_word' id='word_1_100' title='bbox 521 2039 781 2122; x_wconf 85' lang='lat' dir='ltr'>temporalibus,</span> <span class='ocrx_word' id='word_1_101' title='bbox 804 2060 920 2106; x_wconf 89' lang='lat' dir='ltr'>coram</span> <span class='ocrx_word' id='word_1_102' title='bbox 946 2041 1062 2122; x_wconf 87' lang='lat' dir='ltr'>aliquo</span> <span class='ocrx_word' id='word_1_103' title='bbox 1084 2040 1203 2124; x_wconf 88' lang='lat' dir='ltr'>judice</span> <span class='ocrx_word' id='word_1_104' title='bbox 1229 2040 1368 2103; x_wconf 89' lang='lat' dir='ltr'>ecclesi-</span> 
     </span>
     <span class='ocr_line' id='line_1_21' title="bbox 425 2137 1370 2223; baseline 0 -21"><span class='ocrx_word' id='word_1_105' title='bbox 425 2139 535 2202; x_wconf 87' lang='lat' dir='ltr'>astico</span> <span class='ocrx_word' id='word_1_106' title='bbox 565 2139 622 2204; x_wconf 85' lang='lat' dir='ltr'>vel</span> <span class='ocrx_word' id='word_1_107' title='bbox 649 2140 809 2217; x_wconf 88' lang='lat' dir='ltr'>seculari,</span> <span class='ocrx_word' id='word_1_108' title='bbox 835 2145 903 2204; x_wconf 87' lang='lat' dir='ltr'>‘ex</span> <span class='ocrx_word' id='word_1_109' title='bbox 933 2140 1043 2204; x_wconf 88' lang='lat' dir='ltr'>libera</span> <span class='ocrx_word' id='word_1_110' title='bbox 1073 2137 1370 2223; x_wconf 81' lang='lat' dir='ltr'>praeeminentia&#39;³</span> 
     </span>
     <span class='ocr_line' id='line_1_22' title="bbox 425 2239 1372 2321; baseline -0.001 -18"><span class='ocrx_word' id='word_1_111' title='bbox 425 2245 540 2303; x_wconf 88' lang='lat' dir='ltr'>status</span> <span class='ocrx_word' id='word_1_112' title='bbox 571 2255 645 2302; x_wconf 84' lang='lat' dir='ltr'>suae</span> <span class='ocrx_word' id='word_1_113' title='bbox 684 2239 790 2320; x_wconf 84' lang='lat' dir='ltr'>regiae</span> <span class='ocrx_word' id='word_1_114' title='bbox 827 2239 1005 2321; x_wconf 79' lang='lat' dir='ltr'>dignitatis</span> <span class='ocrx_word' id='word_1_115' title='bbox 1042 2247 1077 2302; x_wconf 92' lang='lat' dir='ltr'>et</span> <span class='ocrx_word' id='word_1_116' title='bbox 1114 2239 1372 2303; x_wconf 88' lang='lat' dir='ltr'>consuetudinis</span> 
     </span>
     <span class='ocr_line' id='line_1_23' title="bbox 426 2338 1369 2421; baseline 0 -19"><span class='ocrx_word' id='word_1_117' title='bbox 426 2338 557 2402; x_wconf 89' lang='lat' dir='ltr'>cunctis</span> <span class='ocrx_word' id='word_1_118' title='bbox 594 2340 806 2420; x_wconf 90' lang='lat' dir='ltr'>temporibus</span> <span class='ocrx_word' id='word_1_119' title='bbox 843 2338 1128 2421; x_wconf 81' lang='lat' dir='ltr'>irrefragabiliter</span> <span class='ocrx_word' id='word_1_120' title='bbox 1161 2340 1369 2414; x_wconf 87' lang='lat' dir='ltr'>observatae,</span> 
     </span>
     <span class='ocr_line' id='line_1_24' title="bbox 425 2435 1369 2521; baseline 0.004 -23"><span class='ocrx_word' id='word_1_121' title='bbox 425 2435 687 2520; x_wconf 87' lang='lat' dir='ltr'>responderunt,</span> <span class='ocrx_word' id='word_1_122' title='bbox 710 2446 771 2502; x_wconf 90' lang='lat' dir='ltr'>aut</span> <span class='ocrx_word' id='word_1_123' title='bbox 792 2438 999 2521; x_wconf 86' lang='lat' dir='ltr'>respondere</span> <span class='ocrx_word' id='word_1_124' title='bbox 1021 2438 1202 2503; x_wconf 89' lang='lat' dir='ltr'>debebant.</span> <span class='ocrx_word' id='word_1_125' title='bbox 1255 2438 1369 2514; x_wconf 88' lang='lat' dir='ltr'>Unde,</span> 
     </span>
     <span class='ocr_line' id='line_1_25' title="bbox 426 2535 1373 2621; baseline 0.002 -23"><span class='ocrx_word' id='word_1_126' title='bbox 426 2535 546 2599; x_wconf 91' lang='lat' dir='ltr'>habito</span> <span class='ocrx_word' id='word_1_127' title='bbox 568 2542 721 2600; x_wconf 87' lang='lat' dir='ltr'>tractatu</span> <span class='ocrx_word' id='word_1_128' title='bbox 749 2546 783 2600; x_wconf 93' lang='lat' dir='ltr'>et</span> <span class='ocrx_word' id='word_1_129' title='bbox 809 2537 1055 2604; x_wconf 91' lang='lat' dir='ltr'>deliberatione</span> <span class='ocrx_word' id='word_1_130' title='bbox 1086 2538 1240 2620; x_wconf 85' lang='lat' dir='ltr'>diligenti</span> <span class='ocrx_word' id='word_1_131' title='bbox 1269 2557 1373 2621; x_wconf 83' lang='lat' dir='ltr'>super</span> 
     </span>
     <span class='ocr_line' id='line_1_26' title="bbox 426 2635 1371 2716; baseline 0.003 -19"><span class='ocrx_word' id='word_1_132' title='bbox 426 2635 596 2698; x_wconf 89' lang='lat' dir='ltr'>contentis</span> <span class='ocrx_word' id='word_1_133' title='bbox 613 2635 649 2698; x_wconf 91' lang='lat' dir='ltr'>in</span> <span class='ocrx_word' id='word_1_134' title='bbox 663 2637 788 2699; x_wconf 87' lang='lat' dir='ltr'>vestris</span> <span class='ocrx_word' id='word_1_135' title='bbox 811 2637 920 2702; x_wconf 91' lang='lat' dir='ltr'>literis</span> <span class='ocrx_word' id='word_1_136' title='bbox 937 2638 1147 2714; x_wconf 90' lang='lat' dir='ltr'>memoratis,</span> <span class='ocrx_word' id='word_1_137' title='bbox 1170 2639 1371 2716; x_wconf 90' lang='lat' dir='ltr'>communis,</span> 
     </span>
     <span class='ocr_line' id='line_1_27' title="bbox 427 2737 1372 2818; baseline 0.003 -21"><span class='ocrx_word' id='word_1_138' title='bbox 427 2753 571 2798; x_wconf 87' lang='lat' dir='ltr'>concors</span> <span class='ocrx_word' id='word_1_139' title='bbox 593 2742 629 2798; x_wconf 91' lang='lat' dir='ltr'>et</span> <span class='ocrx_word' id='word_1_140' title='bbox 650 2737 822 2799; x_wconf 88' lang='lat' dir='ltr'>unanimis</span> <span class='ocrx_word' id='word_1_141' title='bbox 844 2738 996 2801; x_wconf 90' lang='lat' dir='ltr'>omnium</span> <span class='ocrx_word' id='word_1_142' title='bbox 1021 2746 1177 2802; x_wconf 91' lang='lat' dir='ltr'>nostrum</span> <span class='ocrx_word' id='word_1_143' title='bbox 1200 2745 1236 2800; x_wconf 92' lang='lat' dir='ltr'>et</span> <span class='ocrx_word' id='word_1_144' title='bbox 1257 2738 1372 2818; x_wconf 87' lang='lat' dir='ltr'>singu-</span> 
     </span>
     <span class='ocr_line' id='line_1_28' title="bbox 428 2834 1373 2916; baseline 0.003 -19"><span class='ocrx_word' id='word_1_145' title='bbox 428 2834 540 2897; x_wconf 91' lang='lat' dir='ltr'>lorum</span> <span class='ocrx_word' id='word_1_146' title='bbox 557 2852 745 2899; x_wconf 87' lang='lat' dir='ltr'>consensus</span> <span class='ocrx_word' id='word_1_147' title='bbox 762 2835 839 2913; x_wconf 86' lang='lat' dir='ltr'>fuit,</span> <span class='ocrx_word' id='word_1_148' title='bbox 857 2845 911 2902; x_wconf 90' lang='lat' dir='ltr'>est</span> <span class='ocrx_word' id='word_1_149' title='bbox 926 2856 967 2902; x_wconf 91' lang='lat' dir='ltr'>ac</span> <span class='ocrx_word' id='word_1_150' title='bbox 984 2837 1048 2902; x_wconf 89' lang='lat' dir='ltr'>erit</span> <span class='ocrx_word' id='word_1_151' title='bbox 1065 2838 1278 2916; x_wconf 89' lang='lat' dir='ltr'>inconcusse,</span> <span class='ocrx_word' id='word_1_152' title='bbox 1296 2837 1373 2902; x_wconf 91' lang='lat' dir='ltr'>Deo</span> 
     </span>
     <span class='ocr_line' id='line_1_29' title="bbox 427 2933 1373 3020; baseline 0.006 -25"><span class='ocrx_word' id='word_1_153' title='bbox 427 2933 631 3016; x_wconf 88' lang='lat' dir='ltr'>propitio,in</span> <span class='ocrx_word' id='word_1_154' title='bbox 639 2934 903 3019; x_wconf 83' lang='lat' dir='ltr'>futurum,quod</span> <span class='ocrx_word' id='word_1_155' title='bbox 913 2936 1077 3020; x_wconf 89' lang='lat' dir='ltr'>praefatus</span> <span class='ocrx_word' id='word_1_156' title='bbox 1089 2937 1247 3001; x_wconf 89' lang='lat' dir='ltr'>dominus</span> <span class='ocrx_word' id='word_1_157' title='bbox 1256 2945 1373 3001; x_wconf 89' lang='lat' dir='ltr'>noster</span> 
     </span>
     <span class='ocr_line' id='line_1_30' title="bbox 427 3034 1372 3118; baseline 0.005 -23"><span class='ocrx_word' id='word_1_158' title='bbox 427 3053 488 3097; x_wconf 86' lang='lat' dir='ltr'>rex</span> <span class='ocrx_word' id='word_1_159' title='bbox 508 3053 613 3117; x_wconf 87' lang='lat' dir='ltr'>super</span> <span class='ocrx_word' id='word_1_160' title='bbox 630 3034 768 3117; x_wconf 90' lang='lat' dir='ltr'>juribus</span> <span class='ocrx_word' id='word_1_161' title='bbox 785 3036 884 3118; x_wconf 89' lang='lat' dir='ltr'>regni</span> <span class='ocrx_word' id='word_1_162' title='bbox 903 3036 957 3100; x_wconf 90' lang='lat' dir='ltr'>sui</span> <span class='ocrx_word' id='word_1_163' title='bbox 978 3036 1104 3101; x_wconf 89' lang='lat' dir='ltr'>Scotiae</span> <span class='ocrx_word' id='word_1_164' title='bbox 1127 3044 1188 3100; x_wconf 91' lang='lat' dir='ltr'>aut</span> <span class='ocrx_word' id='word_1_165' title='bbox 1205 3037 1282 3100; x_wconf 90' lang='lat' dir='ltr'>aliis</span> <span class='ocrx_word' id='word_1_166' title='bbox 1300 3037 1372 3100; x_wconf 89' lang='lat' dir='ltr'>suis</span> 
     </span>
     <span class='ocr_line' id='line_1_31' title="bbox 427 3133 1374 3220; baseline 0.005 -24"><span class='ocrx_word' id='word_1_167' title='bbox 427 3133 672 3215; x_wconf 87' lang='lat' dir='ltr'>temporalibus</span> <span class='ocrx_word' id='word_1_168' title='bbox 702 3135 901 3200; x_wconf 88' lang='lat' dir='ltr'>nullatenus</span> <span class='ocrx_word' id='word_1_169' title='bbox 924 3135 1135 3218; x_wconf 90' lang='lat' dir='ltr'>judicialiter</span> <span class='ocrx_word' id='word_1_170' title='bbox 1167 3136 1374 3220; x_wconf 86' lang='lat' dir='ltr'>respondeat</span> 
     </span>
     <span class='ocr_line' id='line_1_32' title="bbox 426 3233 1372 3319; baseline 0.006 -25"><span class='ocrx_word' id='word_1_171' title='bbox 426 3251 542 3295; x_wconf 89' lang='lat' dir='ltr'>coram</span> <span class='ocrx_word' id='word_1_172' title='bbox 556 3233 674 3313; x_wconf 84' lang='lat' dir='ltr'>vobis3</span> <span class='ocrx_word' id='word_1_173' title='bbox 700 3254 763 3298; x_wconf 89' lang='lat' dir='ltr'>nec</span> <span class='ocrx_word' id='word_1_174' title='bbox 776 3235 943 3318; x_wconf 89' lang='lat' dir='ltr'>judicium</span> <span class='ocrx_word' id='word_1_175' title='bbox 967 3237 1092 3300; x_wconf 89' lang='lat' dir='ltr'>subeat</span> <span class='ocrx_word' id='word_1_176' title='bbox 1108 3236 1372 3319; x_wconf 83' lang='lat' dir='ltr'>quoquomod03</span> 
     </span>
     <span class='ocr_line' id='line_1_33' title="bbox 427 3332 1373 3417; baseline 0.003 -21"><span class='ocrx_word' id='word_1_177' title='bbox 427 3339 488 3396; x_wconf 91' lang='lat' dir='ltr'>aut</span> <span class='ocrx_word' id='word_1_178' title='bbox 516 3332 599 3414; x_wconf 86' lang='lat' dir='ltr'>jura</span> <span class='ocrx_word' id='word_1_179' title='bbox 629 3353 695 3397; x_wconf 87' lang='lat' dir='ltr'>sua</span> <span class='ocrx_word' id='word_1_180' title='bbox 725 3334 893 3417; x_wconf 85' lang='lat' dir='ltr'>praedicta</span> <span class='ocrx_word' id='word_1_181' title='bbox 925 3335 962 3398; x_wconf 92' lang='lat' dir='ltr'>in</span> <span class='ocrx_word' id='word_1_182' title='bbox 999 3336 1138 3399; x_wconf 91' lang='lat' dir='ltr'>dubium</span> <span class='ocrx_word' id='word_1_183' title='bbox 1173 3335 1373 3417; x_wconf 87' lang='lat' dir='ltr'>quaestionis</span> 
     </span>
     <span class='ocr_line' id='line_1_34' title="bbox 426 3429 1373 3518; baseline 0.008 -26"><span class='ocrx_word' id='word_1_184' title='bbox 426 3429 587 3506; x_wconf 88' lang='lat' dir='ltr'>deducat,</span> <span class='ocrx_word' id='word_1_185' title='bbox 617 3450 681 3494; x_wconf 92' lang='lat' dir='ltr'>nec</span> <span class='ocrx_word' id='word_1_186' title='bbox 711 3432 754 3495; x_wconf 90' lang='lat' dir='ltr'>ad</span> <span class='ocrx_word' id='word_1_187' title='bbox 782 3434 1001 3515; x_wconf 84' lang='lat' dir='ltr'>praesentiam</span> <span class='ocrx_word' id='word_1_188' title='bbox 1027 3443 1179 3499; x_wconf 87' lang='lat' dir='ltr'>vestram</span> <span class='ocrx_word' id='word_1_189' title='bbox 1209 3454 1373 3518; x_wconf 88' lang='lat' dir='ltr'>procura·</span> 
     </span>
     <span class='ocr_line' id='line_1_35' title="bbox 427 3531 1372 3617; baseline 0.008 -24"><span class='ocrx_word' id='word_1_190' title='bbox 427 3536 520 3593; x_wconf 89' lang='lat' dir='ltr'>tores</span> <span class='ocrx_word' id='word_1_191' title='bbox 542 3537 604 3594; x_wconf 90' lang='lat' dir='ltr'>aut</span> <span class='ocrx_word' id='word_1_192' title='bbox 625 3531 769 3594; x_wconf 91' lang='lat' dir='ltr'>nuncios</span> <span class='ocrx_word' id='word_1_193' title='bbox 792 3533 836 3596; x_wconf 90' lang='lat' dir='ltr'>ad</span> <span class='ocrx_word' id='word_1_194' title='bbox 858 3532 924 3597; x_wconf 93' lang='lat' dir='ltr'>hoc</span> <span class='ocrx_word' id='word_1_195' title='bbox 941 3535 1075 3608; x_wconf 89' lang='lat' dir='ltr'>mittat;</span> <span class='ocrx_word' id='word_1_196' title='bbox 1103 3535 1275 3617; x_wconf 86' lang='lat' dir='ltr'>praecipue</span> <span class='ocrx_word' id='word_1_197' title='bbox 1293 3555 1372 3600; x_wconf 88' lang='lat' dir='ltr'>cum</span> 
     </span>
     <span class='ocr_line' id='line_1_36' title="bbox 424 3627 1372 3708; baseline 0.014 -21"><span class='ocrx_word' id='word_1_198' title='bbox 424 3627 605 3708; x_wconf 87' lang='lat' dir='ltr'>praemissa</span> <span class='ocrx_word' id='word_1_199' title='bbox 622 3628 782 3693; x_wconf 90' lang='lat' dir='ltr'>cederent</span> <span class='ocrx_word' id='word_1_200' title='bbox 799 3632 980 3698; x_wconf 87' lang='lat' dir='ltr'>manifeste</span> <span class='ocrx_word' id='word_1_201' title='bbox 1001 3634 1037 3698; x_wconf 91' lang='lat' dir='ltr'>in</span> <span class='ocrx_word' id='word_1_202' title='bbox 1054 3633 1372 3700; x_wconf 83' lang='lat' dir='ltr'>exhaeredationem</span> 
     </span>
     <span class='ocr_line' id='line_1_37' title="bbox 420 3725 1370 3815; baseline 0.011 -27"><span class='ocrx_word' id='word_1_203' title='bbox 420 3725 513 3809; x_wconf 88' lang='lat' dir='ltr'>juris</span> <span class='ocrx_word' id='word_1_204' title='bbox 538 3746 676 3791; x_wconf 89' lang='lat' dir='ltr'>coronae</span> <span class='ocrx_word' id='word_1_205' title='bbox 700 3731 797 3811; x_wconf 91' lang='lat' dir='ltr'>regni</span> <span class='ocrx_word' id='word_1_206' title='bbox 823 3731 961 3814; x_wconf 87' lang='lat' dir='ltr'>Angliae</span> <span class='ocrx_word' id='word_1_207' title='bbox 988 3742 1024 3798; x_wconf 92' lang='lat' dir='ltr'>et</span> <span class='ocrx_word' id='word_1_208' title='bbox 1050 3734 1155 3815; x_wconf 89' lang='lat' dir='ltr'>regiae</span> <span class='ocrx_word' id='word_1_209' title='bbox 1177 3733 1370 3815; x_wconf 89' lang='lat' dir='ltr'>dignitatis,</span> 
     </span>
     <span class='ocr_line' id='line_1_38' title="bbox 425 3827 1372 3917; baseline 0.008 -28"><span class='ocrx_word' id='word_1_210' title='bbox 425 3845 467 3889; x_wconf 90' lang='lat' dir='ltr'>ac</span> <span class='ocrx_word' id='word_1_211' title='bbox 484 3827 744 3891; x_wconf 89' lang='lat' dir='ltr'>subversionem</span> <span class='ocrx_word' id='word_1_212' title='bbox 769 3836 884 3895; x_wconf 86' lang='lat' dir='ltr'>status</span> <span class='ocrx_word' id='word_1_213' title='bbox 901 3832 1055 3917; x_wconf 89' lang='lat' dir='ltr'>ejusdem</span> <span class='ocrx_word' id='word_1_214' title='bbox 1073 3834 1173 3915; x_wconf 87' lang='lat' dir='ltr'>regni</span> <span class='ocrx_word' id='word_1_215' title='bbox 1189 3835 1372 3912; x_wconf 88' lang='lat' dir='ltr'>notoriam,</span> 
     </span>
     <span class='ocr_line' id='line_1_39' title="bbox 423 3925 1373 4012; baseline 0.009 -23"><span class='ocrx_word' id='word_1_216' title='bbox 423 3925 555 3990; x_wconf 88' lang='lat' dir='ltr'>necnon</span> <span class='ocrx_word' id='word_1_217' title='bbox 583 3927 620 3990; x_wconf 92' lang='lat' dir='ltr'>in</span> <span class='ocrx_word' id='word_1_218' title='bbox 636 3928 875 4012; x_wconf 87' lang='lat' dir='ltr'>praejudicium</span> <span class='ocrx_word' id='word_1_219' title='bbox 904 3931 1168 4005; x_wconf 84' lang='lat' dir='ltr'>‘libertatum,&#39;⁴</span> <span class='ocrx_word' id='word_1_220' title='bbox 1189 3942 1373 3998; x_wconf 89' lang='lat' dir='ltr'>consuetu-</span> 
     </span>
    </p>
   </div>
   <div class='ocr_carea' id='block_1_5' title="bbox 458 4115 1374 4328">
    <p class='ocr_par' dir='ltr' id='par_1_5' title="bbox 458 4115 1374 4328">
     <span class='ocr_line' id='line_1_40' title="bbox 460 4115 1374 4190; baseline 0.009 -20"><span class='ocrx_word' id='word_1_221' title='bbox 460 4115 467 4145; x_wconf 90' lang='lat'><strong>¹</strong></span> <span class='ocrx_word' id='word_1_222' title='bbox 484 4120 588 4186; x_wconf 54' lang='lat' dir='ltr'>‘regist’</span> <span class='ocrx_word' id='word_1_223' title='bbox 597 4121 673 4174; x_wconf 84' lang='lat' dir='ltr'><strong>MSS.</strong></span> <span class='ocrx_word' id='word_1_224' title='bbox 947 4120 957 4154; x_wconf 78' lang='lat'>³</span> <span class='ocrx_word' id='word_1_225' title='bbox 974 4126 1178 4189; x_wconf 57' lang='lat' dir='ltr'>‘exprimentia’</span> <span class='ocrx_word' id='word_1_226' title='bbox 1189 4127 1246 4176; x_wconf 90' lang='lat' dir='ltr'>MS.</span> <span class='ocrx_word' id='word_1_227' title='bbox 1263 4127 1374 4190; x_wconf 79' lang='lat' dir='ltr'>Lansd.;</span> 
     </span>
     <span class='ocr_line' id='line_1_41' title="bbox 911 4197 1373 4260; baseline 0.009 -15"><span class='ocrx_word' id='word_1_228' title='bbox 911 4197 1373 4260; x_wconf 85' lang='lat' dir='ltr'>‘expraeminentia,’MS.Cott.Vesp.</span> 
     </span>
     <span class='ocr_line' id='line_1_42' title="bbox 458 4253 1216 4328; baseline 0.011 -20"><span class='ocrx_word' id='word_1_229' title='bbox 458 4253 469 4284; x_wconf 87' lang='lat'><strong>¹</strong></span> <span class='ocrx_word' id='word_1_230' title='bbox 483 4259 576 4322; x_wconf 59' lang='lat' dir='ltr'>‘aliia’</span> <span class='ocrx_word' id='word_1_231' title='bbox 588 4261 664 4310; x_wconf 82' lang='lat' dir='ltr'><strong>MSS.</strong></span> <span class='ocrx_word' id='word_1_232' title='bbox 945 4263 955 4296; x_wconf 86' lang='lat'><strong>⁴</strong></span> <span class='ocrx_word' id='word_1_233' title='bbox 971 4265 1130 4328; x_wconf 80' lang='lat' dir='ltr'>‘libertatis,&#39;</span> <span class='ocrx_word' id='word_1_234' title='bbox 1141 4267 1216 4316; x_wconf 86' lang='lat' dir='ltr'><strong>MSS.</strong></span> 
     </span>
    </p>
   </div>
   <div class='ocr_carea' id='block_1_6' title="bbox 0 0 1597 4992">
    <p class='ocr_par' dir='ltr' id='par_1_6' title="bbox 0 0 1597 4992">
     <span class='ocr_line' id='line_1_43' title="bbox 0 0 1597 4992; baseline 0 0"><span class='ocrx_word' id='word_1_235' title='bbox 0 0 1597 4992; x_wconf 95' lang='lat' dir='ltr'> </span> 
     </span>
    </p>
   </div>
  </div>
 </body>
</html>
