3178 4992
418 441 483 529 142
789 454 1000 504 cuuoruoon

268 632 397 722 atgaggi·
419 632 487 676 non
501 619 577 676 crat
595 612 655 694 qui
677 611 870 693 impediret,
886 612 952 676 nisi
969 613 1062 694 quod
1082 612 1149 677 viri
1165 613 1306 694 quidam
1324 633 1369 678 ex

256 735 407 804 W
420 711 548 776 nostris
570 711 630 792 qui
654 718 755 774 erant
777 711 813 772 in
829 711 992 792 pracsidio
1010 711 1117 776 castri
1136 711 1179 775 de
1196 710 1369 795 Alnewyk

256 815 363 856 saw·
419 819 456 874 et
485 809 633 873 aliorum
663 815 856 872 castrorum
886 809 1075 892 aliquando
1106 818 1275 874 exeuntes
1307 831 1368 874 ex-

420 917 548 972 tremas
578 927 698 972 eorum
735 907 900 990 reliquias
929 908 1121 984 caedebant,
1159 909 1194 970 iu
1232 909 1368 973 modica

256 1027 350 1067 wana
419 1015 536 1074 tamen
561 1013 671 1088 parte.
726 1005 770 1068 In
796 1006 885 1070 festo
903 1025 985 1071 vero
1011 1007 1125 1070 sancti
1152 1007 1309 1083 Martini,
1333 1016 1368 1071 et

256 1087 379 1186 ἓὲῗςῗιζῗι
418 1125 481 1187 per
495 1112 639 1170 octavas
653 1109 849 1186 sequentes,
864 1105 1065 1185 conglobati
1080 1105 1175 1168 Scoti
1191 1125 1367 1186 processe-

256 1177 376 1266 Mitis?
419 1211 501 1268 runt
518 1205 646 1286 ubique
658 1210 836 1270 vastantes
849 1203 975 1267 omnia.
1018 1203 1176 1284 Cumque
1191 1205 1367 1268 venissent

419 1303 620 1378 Garliolum,
636 1302 803 1366 miserunt
819 1301 863 1366 ad
879 1302 998 1364 urbem
1022 1302 1237 1366 sacerdotem
1259 1321 1367 1384 quen·

418 1401 500 1466 dam
521 1403 653 1484 absque
671 1401 791 1477 levita,
808 1400 869 1481 qui
886 1400 1015 1464 diceret
1033 1400 1204 1479 baem-‘⁴
1216 1401 1367 1465 Mandat

419 1501 517 1564 vobis
542 1499 701 1563 dominus
726 1517 823 1562 meus
844 1499 1041 1563 Willelmus
1064 1498 1304 1578 conquaestor,
1327 1508 1368 1565 ut

418 1599 501 1664 vitae
525 1605 650 1662 vestrae
676 1595 906 1674 consulentes,
929 1598 1061 1679 absque
1085 1598 1263 1678 sanguinis
1281 1597 1367 1662 effu-

419 1697 515 1762 sione
542 1695 695 1760 reddatis
723 1695 755 1758 ei
785 1695 905 1760 villam
937 1701 972 1758 et
1000 1703 1166 1771 oestrum,
1201 1696 1367 1778 dabitque

421 1797 519 1860 vobis
540 1795 632 1859 vites
651 1802 686 1859 et
709 1795 863 1857 membra
885 1800 921 1857 et
942 1795 1059 1858 omnia
1081 1794 1210 1858 catalla
1225 1789 1364 1874 'vestre3

420 1895 514 1976 quod
536 1893 568 1958 si
590 1913 658 1957 non
680 1892 830 1956 feceritis
853 1892 1034 1957 confestim
1053 1894 1269 1974 expugnabit
1292 1909 1366 1970 nos,

419 2001 456 2058 et
489 1993 533 2057 ad
566 1992 833 2058 internecionem
866 2009 977 2072 usque
1010 1991 1175 2055 delebit.”
1234 1990 1285 2056 At
1315 1993 1367 2055 illi

420 2092 672 2174 responderunt
696 2092 740 2167 ei,
767 2089 893 2168 “Quis
917 2098 972 2154 est
997 2089 1057 2154 ille
1078 2089 1366 2172 Conquaestort”

418 2189 470 2256 At
486 2191 566 2256 ille:
590 2197 613 2225 ‘⁴
624 2189 834 2265 Willelmus,
856 2207 959 2270 quem
976 2188 1124 2272 Walays
1148 2190 1366 2255 nominatis.'’

418 2288 635 2373 Adjecerunt
645 2295 681 2352 et
693 2288 764 2352 illi:
783 2287 899 2350 “Rex
912 2287 1066 2366 noster,”
1083 2288 1255 2369 inquiunt,
1273 2295 1295 2324 “
1306 2305 1365 2354 cu-

420 2408 495 2454 ram
509 2395 545 2452 et
566 2386 760 2452 custodiam
777 2385 931 2450 civitatis
947 2386 1050 2456 istius
1068 2393 1105 2450 et
1120 2388 1226 2451 castri
1241 2389 1317 2451 vice
1332 2395 1368 2452 et

421 2487 558 2552 nomiae
578 2505 643 2550 suo
666 2491 702 2548 et
724 2483 899 2548 haeredum
928 2504 1070 2552 suorum
1088 2486 1188 2548 nobis
1212 2485 1367 2564 tradidit,

418 2593 458 2650 et
479 2585 649 2650 credimus
672 2603 750 2647 eum
772 2603 842 2647 non
864 2583 991 2647 habere
1016 2592 1154 2666 gratum
1174 2585 1228 2647 vel
1250 2592 1366 2649 ratum

421 2683 646 2748 haberevelle
659 2693 699 2746 ut
709 2683 848 2747 domino
860 2689 921 2746 tuo
933 2682 1110 2747 Wilielmo
1128 2681 1228 2745 ‘ea’¹
1243 2683 1366 2747 libere

421 2802 520 2862 mus3
551 2783 612 2848 sed
641 2781 741 2858 vade,
773 2788 808 2845 et
835 2782 889 2846 dic
918 2781 949 2844 ei
979 2787 1019 2844 ut
1043 2782 1073 2844 si
1100 2779 1207 2844 ‘ea'¹
1241 2781 1367 2846 habere

421 2876 593 2949 voluerit²
622 2882 739 2946 veniat
767 2880 811 2944 ad
838 2880 977 2944 modam
1001 2879 1083 2942 boni
1106 2879 1368 2962 Conquaestoris

421 2989 456 3044 et
492 2981 607 3048 locum
645 2985 838 3062 expugnet,
876 2979 1071 3059 habeatque
1108 2979 1138 3041 si
1172 2980 1286 3061 possit
1318 2973 1367 3044 ci-

420 3080 565 3148 vitatem
615 3087 652 3144 et
692 3085 844 3146 castrum
884 3085 920 3141 et
957 3077 1121 3141 universa
1166 3079 1366 3143 contentas*

421 3179 579 3264 Moxque
616 3179 678 3244 ilio
716 3177 896 3242 recedente
927 3176 1149 3240 tetenderunt
1190 3177 1367 3242 machinas

419 3285 455 3342 et
490 3278 537 3344 ad
571 3278 803 3344 resistendum
832 3282 1045 3358 paraverunt
1080 3295 1129 3338 se.
1182 3274 1286 3353 Quod
1316 3276 1366 3340 vi·-

418 3377 537 3446 dcntejs
552 3377 648 3442 Sooti
665 3377 927 3440 declinaverunt
949 3377 994 3438 ab
1008 3375 1106 3452 urbe,
1121 3380 1367 3445 vastaverunt-

417 3495 486 3557 que
501 3475 664 3540 uniuersa
685 3493 748 3556 per
763 3474 915 3538 medium
934 3473 1075 3538 forestae
1095 3472 1139 3536 de
1155 3471 1367 3554 Inglewode,

419 3573 650 3640 Gumheriand
671 3579 706 3636 et
730 3568 971 3638 ‘Ailendaie'³
994 3591 1103 3654 usque
1120 3571 1306 3635 Derewent
1322 3573 1365 3636 ad

418 3669 734 3746 ‘Goltsrmontb3’¹⁴
754 3691 828 3735 nou
853 3671 945 3734 enim
967 3671 1121 3753 pepercit
1144 3688 1263 3733 corum
1280 3687 1366 3734 ocu·

415 3773 472 3843 ius
498 3770 623 3847 ordini,
648 3769 749 3834 sexui
771 3770 827 3835 vel
852 3770 961 3845 aetati,
984 3769 1174 3852 quinetiam
1205 3768 1367 3834 ecclesias

417 3871 487 3936 Dei
520 3875 780 3934 concremantes
823 3867 899 3951 ejus
934 3869 1135 3933 sanctuaria
1169 3869 1271 3950 quasi
1302 3889 1367 3950 pro

453 4056 461 4086 ¹
479 4052 569 4120 ‘eam,’
580 4058 639 4110 MS.
650 4056 717 4108 cett.
729 4043 808 4118 vesp.
939 4051 951 4084 ⁸
968 4049 1135 4116 ‘Allerdale,’
1148 4055 1225 4106 MSS.
1296 4091 1299 4098 .

452 4125 550 4179 'Here
578 4127 621 4179 tbe
650 4128 744 4180 lacuna
768 4127 798 4176 in
820 4125 879 4175 MS.
940 4121 1158 4186 “Kokermew,'
1202 4125 1260 4174 MS.
1300 4124 1367 4176 0011.

416 4197 597 4247 Lauadends.
905 4193 980 4244 Arm.
1274 4225 1277 4231 ι
