3166 4992
262 633 353 672 Fdward
367 632 385 671 1.

261 684 286 722 Δ.
297 682 323 721 1).
335 683 390 721 1298.

250 765 384 806 commotior

250 815 273 854 in
282 817 361 856 (theut.

409 443 474 506 172
612 492 614 498 .
773 452 981 500 eunoruoou

412 614 575 678 civitatis
627 612 792 676 Partibus
827 613 946 693 itaque
989 614 1034 677 ad
1071 613 1361 694 congrediendum

413 715 493 778 binc
517 713 596 776 inde
614 713 756 794 paratis,
778 713 870 776 venit
895 731 1009 776 comes
1037 713 1112 794 ipse
1137 712 1361 778 Flandreusis

414 814 458 877 ad
481 832 598 894 regem
623 818 792 888 nostrum,
807 812 918 875 tristis
941 811 1077 893 quidem
1095 811 1194 876 vultu
1218 818 1253 875 et
1273 812 1361 876 secie

415 919 562 988 mutata,
586 918 622 975 et
646 912 696 975 ait
719 911 808 992 regi‚‘
828 916 851 945 “
864 911 1012 974 Domine
1038 911 1086 973 mi
1108 931 1183 987 rex,
1198 909 1359 975 miserere

414 1031 515 1076 servo
545 1018 618 1075 tuo.⁴
638 1018 674 1074 et
705 1011 834 1092 populo
864 1029 940 1072 meo
970 1009 1086 1075 huic.'’
1138 1010 1184 1074 Et
1209 1011 1260 1074 ait
1283 1031 1355 1087 rex,

414 1117 435 1200 ‘f
448 1110 542 1189 Quid
562 1117 616 1174 est
643 1109 720 1187 boc,
740 1127 867 1185 comes,
884 1128 965 1172 num
988 1108 1212 1174 introduxisti
1236 1129 1299 1174 nos
1322 1111 1358 1174 in

414 1218 542 1274 terram
558 1218 654 1274 tuam
676 1216 716 1272 ut
730 1208 910 1272 seduceres
928 1208 1050 1272 nosl”
1102 1208 1150 1273 Et
1172 1229 1287 1272 eomes
1313 1210 1357 1273 ad

414 1310 500 1386 baec,
518 1307 654 1373 “Absit
674 1327 695 1371 a
717 1328 771 1371 me
796 1307 871 1384 boc,
890 1307 1027 1371 domine
1048 1308 1116 1372 mi:
1144 1307 1242 1372 novit
1266 1309 1358 1372 enim

416 1408 483 1472 Ille
505 1409 571 1471 cui
604 1414 686 1470 nota
716 1415 799 1470 sunt
831 1414 967 1471 secreta
997 1407 1111 1472 cordis
1143 1408 1358 1485 abscondita,

414 1508 507 1589 quod
538 1508 668 1589 absque
702 1507 881 1569 voluntate
911 1513 948 1570 et
975 1507 1122 1571 scientia
1153 1525 1230 1570 mea
1264 1507 1359 1572 facta

387 1615 493 1670 suut
525 1605 611 1682 baec,
646 1616 682 1669 et
717 1606 882 1668 innocens
907 1597 979 1686 'ego
1017 1626 1094 1670 sum
1128 1615 1163 1670 et
1196 1605 1357 1671 immunis

412 1706 552 1769 sceleris
570 1703 693 1788 hujus3
717 1705 866 1787 populus
883 1713 998 1769 auteur
1023 1705 1088 1769 iste
1098 1704 1198 1768 durae
1214 1707 1357 1770 cervicis

413 1814 478 1880 est,
506 1805 651 1868 etmihi
681 1804 716 1867 in
749 1805 914 1886 praeseuti
941 1805 1043 1886 quasi
1070 1803 1355 1885 incastigabilis;”

413 1903 460 1968 Et
487 1904 538 1967 ait
562 1923 637 1980 rex,
663 1903 800 1967 “Vade
832 1903 1041 1986 quantocius
1070 1913 1106 1968 et
1131 1905 1266 1985 castiga
1293 1920 1355 1987 pn:

413 2003 532 2084 pulum
547 2010 658 2079 tuum,
675 2010 712 2066 ut
727 2005 771 2066 ab
788 2004 927 2084 incepto
944 2022 1060 2066 errore
1074 2002 1198 2066 sileant
1219 2011 1255 2066 et
1276 2023 1356 2066 cou-

412 2103 602 2183 quiescant‚
619 2101 770 2184 alioquin
787 2121 849 2184 per
864 2103 1037 2166 viventem
1055 2102 1166 2166 Deum
1190 2121 1256 2188 ego
1280 2122 1355 2166 cas-

414 2203 602 2282 tigaboeos
618 2201 719 2265 bodie
736 2220 798 2283 pro
813 2202 972 2265 omnibus
983 2201 1154 2265 saeculis.'’
1175 2249 1177 2252 .
1195 2200 1354 2265 Festina-

413 2302 465 2364 vit
491 2319 574 2381 ergo
603 2319 730 2376 comes,
759 2307 805 2376 et,
833 2300 954 2364 sedato
985 2301 1126 2382 populo,
1151 2301 1251 2383 quasi
1276 2309 1356 2383 post

413 2398 533 2462 horam
555 2417 714 2463 reversus
738 2406 801 2462 est.
853 2399 1005 2482 Iuiitque
1028 2419 1106 2464 cum
1128 2418 1208 2481 rege
1226 2400 1354 2480 foedus,

413 2505 449 2561 et
463 2499 567 2560 trium
583 2496 714 2560 dierum
727 2504 868 2578 treugas
882 2499 973 2562 inter
988 2518 1026 2562 se
1043 2497 1251 2576 statuerunt,
1266 2499 1354 2564 infra

413 2615 502 2679 quas
526 2594 788 2660 restituerentur
813 2598 930 2660 omnia
956 2597 1035 2662 binc
1063 2599 1143 2662 inde
1168 2599 1297 2676 ablata,
1318 2607 1354 2664 et

413 2695 478 2759 boc
495 2697 560 2758 snb
581 2715 686 2777 poena
709 2697 834 2779 capitis
851 2704 887 2760 et
904 2698 1147 2775 membrorum,
1164 2697 1353 2780 fierentque

412 2814 608 2858 communes
629 2795 779 2878 justitiae
803 2796 993 2860 secuudum
1020 2798 1198 2861 arbitrium
1226 2797 1352 2862 discre-

411 2907 536 2958 torum.
588 2893 746 2978 Cumque
768 2897 858 2959 inter
873 2902 990 2978 partes
1008 2895 1206 2979 hujusmodi
1228 2903 1353 2962 tracta-

411 3002 468 3058 tus
502 2995 719 3072 haberentur,
754 3002 1009 3077 proposuerunt
1039 2996 1280 3073 Flandreuses,
1308 2997 1352 3060 ad

411 3095 670 3158 excusationem
707 3115 839 3172 eorum,
874 3114 912 3158 se
948 3093 1076 3159 multas
1110 3096 1153 3158 ab
1193 3094 1352 3177 Anglicis

412 3213 534 3275 passos
557 3195 714 3278 injuriae,
744 3194 875 3258 scilicet
896 3195 932 3256 in
954 3193 1144 3276 direptione
1169 3196 1350 3273 bonorum,

411 3294 659 3357 violationibus
674 3313 835 3372 uxorum,
850 3301 886 3357 et
903 3294 1183 3376 oppressionibus
1201 3293 1349 3358 filiarum

410 3411 563 3467 suarum,
591 3393 733 3474 insuper
764 3395 799 3455 in
825 3392 1017 3456 homicidiis
1045 3393 1165 3456 multis
1194 3401 1230 3456 et
1258 3403 1351 3457 atro-

409 3491 556 3554 cissimis
595 3491 742 3574 injuriis.
795 3492 841 3555 Et
879 3493 962 3572 qnia
1001 3493 1152 3574 aequales
1188 3494 1351 3556 emendas

408 3587 482 3650 fieri
507 3608 575 3652 non
602 3591 799 3671 sperabant,
820 3590 897 3653 ideo
924 3599 1059 3655 armata
1083 3611 1187 3654 manu
1212 3612 1350 3673 proces·

408 3694 540 3762 serunt,
564 3689 613 3750 sic
628 3696 668 3752 ut
685 3689 810 3752 saltem
825 3689 947 3753 timore
962 3691 1135 3772 perterriti
1149 3691 1350 3756 satisfacere

407 3795 624 3868 cogerentur.
677 3786 757 3850 Rex
790 3794 905 3851 autem
933 3789 969 3852 in
999 3796 1095 3855 arcto
1128 3791 1274 3872 positus,
1307 3810 1348 3855 eo

407 3887 499 3966 quod
514 3887 614 3952 multi
631 3894 729 3952 eraut
745 3907 887 3952 numero
902 3895 938 3952 et
952 3889 1219 3972 praesumptuosi
1236 3889 1350 3967 valde,

401 3989 588 4069 sciensque
613 4007 632 4050 e
660 3994 753 4050 terra
778 3987 840 4050 illa
867 3986 933 4051 nisi
963 3988 1005 4051 de
1027 3989 1206 4052 voluntate
1232 4009 1349 4052 eorum

405 4087 471 4150 sibi
497 4093 532 4150 et
553 4087 625 4150 suis
650 4085 786 4151 facilem
799 4107 874 4150 *nou
895 4095 1014 4169 patere
1031 4107 1220 4168 egressum,
1238 4088 1351 4152 sciens

403 4187 506 4249 etiam
541 4187 741 4268 contingere
768 4186 965 4270 frequenter
991 4188 1083 4269 quod
1109 4189 1153 4252 ob
1183 4187 1355 4269 populum·
