3144 4990
397 449 462 516 424
763 471 972 519 cnnoumou

236 635 328 724 {ruffi
332 635 386 724 ³22¹
398 626 571 703 timuistis,
596 635 632 691 et
659 646 721 709 pro
745 629 825 711 jure
851 635 969 694 nostro
996 626 1186 691 ethonore
1212 625 1343 689 illibate

237 711 376 818 K„,3‘„„,'
398 725 655 804 conservandis,
672 728 847 792 molestias
870 726 990 811 populi
1012 727 1121 790 nostri
1144 744 1251 806 grave
1274 745 1342 789 non

236 817 355 908 ξξξξζῐζῆῗζ
399 825 570 889 modicum
587 828 806 904 sustinemus,
819 847 887 892 non
901 827 936 889 in
954 825 1116 909 superbia
1130 833 1165 888 et
1180 824 1341 900 elatione,
1406 837 1409 842 '

235 919 334 1017 ἓξὲξ
399 927 677 1008 praesumptione,
703 947 766 991 nec
795 927 830 990 in
858 927 983 990 fiducia
1019 925 1202 1008 potestatis
1231 924 1343 1006 gentis

398 1033 538 1102 nostrae,
554 1025 613 1088 sed
640 1025 676 1089 in
699 1026 907 1090 confidentia
932 1026 999 1089 Dei
1023 1032 1058 1089 et
1079 1024 1227 1108 justitiae
1253 1042 1340 1105 quas

398 1122 565 1187 habemus
602 1133 638 1191 et
672 1126 764 1208 quod
799 1145 925 1206 guerra
954 1123 1021 1188 ista
1046 1124 1148 1187 finem
1176 1122 1341 1186 sortiatur

399 1224 601 1301 breviorem,
621 1226 718 1288 vobis
744 1226 832 1289 scire
857 1224 1001 1288 facimus
1024 1223 1114 1306 quod
1135 1223 1165 1285 si
1181 1241 1243 1286 vos
1261 1222 1341 1303 ‘qui

397 1323 433 1385 in
458 1322 608 1387 elatione
633 1331 668 1388 et
697 1317 1003 1406 praesumptione'¹
1035 1332 1162 1387 terram
1188 1328 1341 1385 nostram

398 1422 567 1499 intrastis,
584 1423 659 1486 ausi
685 1424 819 1487 fueritis
845 1431 880 1488 et
908 1431 1092 1506 expectare
1119 1421 1227 1484 vultis
1250 1421 1341 1484 inter

399 1521 563 1585 Sanctum
589 1521 802 1587 Germanum
833 1523 876 1586 de
904 1523 1020 1588 Pratis
1053 1528 1155 1586 extra
1185 1519 1342 1585 Parisius

378 1627 434 1683 -et
451 1620 589 1685 Vallem
613 1621 763 1700 Girardi,
787 1622 842 1687 vel
864 1623 953 1686 inter
977 1619 1281 1686 Francam-villam
1307 1627 1342 1684 et

401 1719 617 1797 Pontasium,
641 1722 799 1803 proximo
821 1721 875 1785 die
891 1721 914 1785 J
917 1722 1005 1798 oviS,
1022 1720 1178 1796 Sabbati,
1195 1720 1250 1783 die
1267 1719 1340 1782 Do-

399 1820 536 1897 minica,
546 1821 602 1884 vel
617 1821 672 1885 die
686 1821 813 1886 Martis
831 1822 990 1902 proximo
1007 1827 1185 1903 sequente,
1198 1819 1252 1882 vel
1272 1838 1339 1901 quo

398 1918 453 1982 die
477 1920 654 2002 assignato
677 1930 858 2002 acceptare
876 1921 1097 1985 decreveritis
1116 1916 1341 2002 pugnandum

398 2028 518 2082 contra
540 2040 602 2084 nos
626 2029 661 2084 et
682 2021 870 2084 exercitum
895 2031 1051 2084 nostrum
1073 2038 1144 2083 una
1166 2038 1243 2081 cum
1260 2018 1341 2081 sub-

398 2119 479 2182 ditis
517 2120 641 2184 nostris
677 2127 713 2184 et
742 2121 873 2196 amicis,
906 2120 1078 2184 fortunam
1105 2137 1209 2200 quam
1245 2117 1343 2181 nobis

399 2217 626 2300 Omnipotens
669 2219 798 2283 donare
841 2220 1001 2300 dignetur
1046 2217 1341 2300 amplexabimur:

398 2317 524 2381 idcirco
550 2320 638 2381 enim
666 2338 738 2395 voS,
762 2320 821 2402 qui
848 2327 974 2383 terram
1000 2319 1104 2382 vultis
1127 2317 1340 2399 conquirere,

397 2417 427 2478 si
458 2417 583 2480 bellum
612 2418 782 2482 affectatis
819 2419 908 2482 sicut
937 2418 1102 2495 asseritis
1131 2416 1339 2490 oblationem

397 2519 501 2579 istam
527 2517 677 2581 refutare
707 2537 775 2582 non
799 2518 943 2582 debetis
997 2518 1043 2581 Et
1067 2518 1160 2599 quod
1183 2516 1340 2580 omnibus

397 2615 513 2696 palam
530 2616 603 2692 fiat,
621 2615 711 2698 quod
729 2637 790 2699 per
805 2637 869 2680 nos
887 2637 983 2680 mora
1000 2617 1168 2699 prolixior
1183 2615 1256 2678 lieri
1273 2635 1340 2678 non

397 2715 586 2796 contingat,
603 2715 715 2780 locum
741 2736 955 2780 communem
978 2718 1036 2780 ubi
1059 2716 1147 2780 tales
1169 2716 1341 2778 exercitus

399 2813 556 2878 Franciae
587 2822 622 2879 et
650 2814 789 2898 Angliae
816 2816 927 2879 forma
954 2836 1108 2898 congrua
1135 2823 1169 2878 et
1199 2815 1341 2878 decente

397 2932 617 2994 congressum
635 2916 761 2979 habere
775 2922 950 2998 poterunt,
968 2917 1067 2979 vobis
1086 2933 1210 2997 capere
1230 2913 1341 2978 offeri-

398 3033 474 3076 mus
490 3023 524 3078 et
549 3014 708 3078 liberare.
760 3015 807 3078 Et
831 3015 923 3097 quod
949 3016 1084 3078 interim
1105 3033 1166 3077 vos
1194 3022 1230 3078 et
1254 3032 1340 3094 gens

397 3120 517 3176 vestra
546 3113 683 3190 damna,
714 3115 981 3191 combustiones
1009 3122 1044 3178 et
1066 3113 1341 3194 depraedationes

397 3213 516 3293 quales
538 3212 651 3277 facitis
675 3233 743 3277 non
766 3215 1011 3278 committatis:
1038 3221 1074 3278 et
1090 3213 1164 3276 sine
1178 3212 1341 3276 dilatione

397 3331 458 3392 per
485 3312 603 3375 literas
628 3321 763 3376 vestras
796 3332 900 3395 super
927 3314 994 3376 hiis
1023 3313 1237 3376 voluntatem
1264 3331 1341 3375 ves-

399 3419 487 3474 tram
513 3413 612 3475 nobis
635 3413 826 3476 certificare
847 3413 997 3488 curetis;
1025 3413 1055 3475 si
1081 3412 1170 3474 enim
1193 3431 1255 3494 per
1280 3429 1342 3473 vos

398 3510 457 3590 qui
482 3511 639 3585 multum,
655 3519 695 3574 ut
720 3512 897 3588 asseritur,
921 3511 1048 3575 bellum
1076 3511 1258 3586 affectatis,
1284 3510 1344 3574 ob-

397 3608 482 3672 latio
505 3609 652 3690 praefata
674 3610 833 3692 neglecta
849 3631 918 3674 non
936 3611 1039 3674 fuerit
1064 3610 1125 3673 sed
1148 3617 1342 3691 acceptata,

398 3707 499 3771 modo
524 3708 727 3790 praescripto
743 3708 940 3774 conflictum
962 3709 1207 3792 possidendum
1222 3707 1343 3772 defice-

398 3828 435 3870 re
464 3827 532 3871 non
555 3809 713 3890 potestis.
767 3809 809 3872 In
839 3828 984 3891 quorum
1010 3809 1205 3873 testimonio
1228 3808 1344 3889 sigillo

397 3915 515 3971 nostro
555 3927 680 3989 magno
717 3908 838 3971 literas
874 3909 962 3973 istas
1000 3907 1145 3972 fecimus
1184 3907 1341 3989 sigillari.

431 4183 439 4212 ¹
457 4187 500 4235 ‘et
517 4187 635 4247 elatione,
654 4185 860 4246 praesumptione,
875 4199 921 4232 nec
939 4184 964 4230 in
985 4183 1079 4231 tiducia
1100 4179 1252 4243 potestatis,'
1271 4179 1348 4227 MSS.

397 4256 462 4306 Coll.
474 4257 543 4305 Trin.
558 4255 590 4306 R.
603 4261 627 4317 5,
640 4259 680 4318 lt),
693 4256 742 4304 and
755 4255 854 4304 Cotton.
868 4255 937 4303 Nero
949 4253 984 4303 D.
997 4253 1026 4302 ii.
1041 4321 1043 4326 Ι
1066 4296 1069 4301 .
