3166 4992
389 438 456 503 216
757 454 970 502 cunourcou

241 629 365 719 {uffi-
391 611 554 675 inductus
572 613 729 695 pervim
754 619 790 676 et
806 618 950 688 metum,
966 611 1027 693 qui
1049 615 1190 692 possent
1216 606 1339 670 cadere

231 706 371 804 Μ’
392 710 428 774 in
468 712 789 775 constantissimum
833 712 960 787 virum,
998 709 1177 792 adquievit
1220 725 1338 771 eorum

230 815 372 911 ῗῦἷῗῷῗ
393 811 546 888 ⁰0ss⁸ffi⁰‚
562 813 651 874 etin
667 831 804 874 manum
822 810 976 894 episcopi
992 819 1120 873 statum
1139 806 1339 889 resignavit.

231 915 335 1004 m
394 909 630 993 Placatusque
658 919 712 975 est
738 912 933 992 episcopus,
963 917 999 974 et
1022 909 1132 993 jussit
1160 915 1200 972 ut
1223 907 1339 970 mitius

393 1017 556 1091 ageretur
588 1030 666 1074 cum
699 1030 752 1074 co.
804 1009 1043 1091 Redditusque
1074 1017 1129 1071 est
1163 1007 1340 1083 fratribus,

230 1128 343 1177 mutor
393 1116 430 1173 et
451 1110 595 1192 aliquali
616 1110 742 1174 solatio
759 1117 944 1173 recreatus.
997 1108 1064 1172 Die
1088 1127 1169 1171 vero
1189 1106 1339 1189 quadam

231 1189 367 1278 Ἥρω.
394 1207 474 1272 dnm
490 1210 683 1292 spaciatum
705 1211 771 1274 iret
793 1229 871 1273 cum
888 1209 1067 1283 fratribus,
1084 1215 1120 1271 et
1134 1206 1339 1290 quibusdam

231 1279 339 1319 ”m
393 1310 606 1372 secularibus
627 1307 670 1371 ad
693 1310 802 1391 ipsius
819 1308 1013 1372 custodiam
1034 1308 1222 1390 deputatis,
1232 1307 1340 1389 juxta

393 1416 534 1490 pontem
556 1409 599 1472 de
617 1407 878 1491 Stynclyvethe,
895 1427 975 1472 ecce
993 1415 1161 1472 venerunt
1177 1413 1339 1489 parentes

393 1508 448 1570 sui
463 1518 498 1572 et
512 1508 613 1571 amici
627 1528 707 1571 cum
721 1528 824 1571 manu
842 1515 988 1584 armata,
1004 1514 1040 1571 et
1055 1514 1245 1588 rapuerunt
1260 1526 1338 1569 eum

393 1627 473 1670 cum
497 1608 642 1690 impetu,
670 1609 900 1691 conversique
924 1614 1007 1672 sunt
1033 1626 1152 1670 omnes
1177 1606 1340 1671 custodes

393 1707 470 1790 ejus
487 1715 686 1784 retrorsum,
701 1707 948 1790 festinavitque
964 1726 1026 1770 nec
1044 1707 1190 1770 multum
1207 1706 1340 1788 quievit

393 1806 504 1871 donec
529 1807 661 1871 veniret
690 1808 735 1871 ad
759 1806 914 1883 curiam,¹
941 1807 1142 1871 beneficium
1169 1805 1341 1870 Bonifacii

392 1925 495 1988 papae
511 1907 694 1988 petiturus.
747 1905 818 1985 Qui
833 1906 1020 1970 clementer
1041 1926 1119 1970 eum
1137 1905 1339 1987 suscipiens,

393 2012 429 2068 et
439 2006 673 2070 misericordia
681 2012 827 2089 paterna
835 2006 1044 2083 confortans
1056 2005 1188 2070 audivit
1198 2005 1341 2069 indilate

394 2123 535 2169 causam
557 2107 679 2188 ipsius
703 2126 745 2170 eo
766 2106 858 2188 quod
879 2106 1011 2170 clamor
1035 2102 1220 2187 ‘ingens'²
1243 2106 1339 2187 prius

393 2206 598 2269 ascenderat
610 2205 654 2268 ad
670 2225 772 2270 aures
782 2205 870 2288 ejus,
916 2205 962 2269 Et
973 2206 1058 2288 quia
1067 2224 1180 2268 annus
1196 2211 1271 2268 erat
1279 2205 1339 2286 ju·

393 2303 515 2381 bileus,
526 2305 657 2369 scilicet
670 2306 941 2382 trecentesimus
953 2313 989 2370 et
998 2305 1207 2368 remissionis
1216 2323 1339 2386 pecca·

393 2404 533 2480 minum,
560 2413 805 2469 concurrerant
826 2405 875 2468 ibi
898 2406 1127 2468 innumerosae
1150 2412 1270 2486 gentes
1293 2423 1338 2466 ex

394 2503 565 2566 universis
591 2506 693 2568 terris
718 2505 869 2569 omnium
894 2505 1083 2585 regionum,
1111 2503 1337 2587 productique

393 2610 476 2666 sunt
492 2610 600 2667 testes
626 2623 671 2666 ex
694 2604 791 2686 ipsis,
815 2611 886 2667 tam
912 2605 1028 2668 clerici
1046 2624 1150 2687 quam
1173 2603 1263 2680 laici,
1278 2604 1338 2685 qui

393 2709 475 2765 ante
499 2722 669 2766 recessum
695 2723 795 2766 suum
821 2703 864 2767 de
879 2703 1008 2785 Anglia
1032 2703 1200 2787 praedicta
1220 2701 1336 2766 audic-

393 2810 472 2865 rant
501 2815 537 2866 et
568 2801 726 2867 viderant
756 2804 896 2868 oculata
925 2803 1004 2867 fide.
1071 2803 1337 2884 Restitutusque

393 2907 446 2963 est
467 2921 530 2983 per
551 2921 676 2984 papam
701 2903 745 2966 ad
777 2904 903 2978 omnia,
932 2912 967 2966 et
996 2903 1054 2966 ille
1082 2903 1256 2966 Henricus
1278 2902 1338 2985 qui

391 3001 582 3082 prioratum
599 3011 831 3085 occupaverat
854 3003 985 3085 pseudo
1000 3012 1053 3066 est
1071 3003 1259 3066 monachus
1276 3022 1338 3065 no-

228 3123 340 3213 pm
392 3101 552 3165 minatus.
604 3102 837 3185 Decrevitque
860 3122 953 3186 papa
975 3101 1048 3166 fore
1073 3102 1249 3166 citandum
1270 3102 1339 3183 epi-

229 3223 311 3272 usop.
390 3218 549 3283 scopum;
573 3210 609 3267 et
619 3202 847 3284 personaliter
858 3209 1002 3266 vocatus
1013 3208 1078 3276 est,
1087 3211 1126 3266 ut
1138 3203 1173 3265 in
1185 3203 1336 3265 crastino

230 3273 325 3326 Μ’
390 3303 503 3364 saneti
523 3302 666 3365 Martini
688 3310 914 3384 compareret,
938 3321 1166 3384 responsurus
1182 3321 1284 3384 papoe
1301 3309 1338 3364 et

389 3399 496 3480 priori
513 3399 677 3484 ‘super'³
692 3403 899 3483 quibusdam
915 3402 1078 3466 canonice
1093 3400 1336 3484 proponendis,

391 3496 522 3561 Contra
551 3520 653 3582 quem
683 3501 819 3582 quidem
850 3501 939 3566 diem
968 3501 1127 3564 dominus
1156 3501 1338 3583 episcopus

351 3684 354 3690 Ι
388 3598 555 3676 praemisit
586 3599 706 3674 multa,
732 3607 768 3662 et
795 3607 981 3683 postquam
1005 3609 1147 3664 venerat
1173 3600 1337 3682 exposuit

388 3695 534 3778 majora,
558 3698 778 3779 vicissimque
802 3699 987 3780 litigabant
1014 3721 1118 3782 super
1140 3699 1337 3773 homicidio,

387 3794 635 3879 dilapidatione
658 3805 693 3861 et
715 3797 794 3862 aliis
810 3800 1017 3881 quibusdam
1034 3800 1231 3867 enormibus
1253 3800 1338 3866 arti·

420 4010 428 4040 ¹
445 4013 499 4062 The
510 4015 581 4076 royal
590 4015 719 4065 licenceto
729 4016 772 4064 the
779 4017 848 4078 prior
873 4032 907 4066 rn.
918 4021 960 4078 23,
972 4017 1013 4066 De
1031 4018 1210 4080 Protectione3
1227 4019 1340 4080 Prynne,

384 4086 410 4129 to
427 4098 460 4144 go
478 4088 504 4132 to
523 4085 566 4134 the
587 4091 659 4134 court
676 4086 706 4134 ot*
724 4086 803 4134 Rome
824 4088 847 4135 is
874 4087 944 4135 Hist.
956 4090 1014 4135 912.

324 4191 328 4202 ,
383 4151 461 4200 dated
479 4159 506 4202 at
524 4155 630 4203 Lincoln
648 4171 681 4203 on
700 4155 743 4204 the
765 4160 803 4204 lst
822 4157 851 4204 of
908 4155 1061 4218 '‘urgens,'
1074 4155 1132 4206 MS.
1144 4155 1239 4207 Lansd.

384 4221 484 4285 March,
493 4227 564 4272 1301.
575 4225 698 4275 RoaPat.
705 4227 846 4276 29Edw.1.
909 4222 919 4254 ³
935 4226 1020 4288 ‘sub,'
1031 4227 1091 4276 MS.
1103 4226 1198 4277 Lansd.
