3126 4986
419 475 590 526 wnnrnar
614 473 968 522 nnunnruenunee.
1120 459 1165 524 st

207 631 299 696 lator
326 641 477 714 paratus
510 640 586 718 erat
620 634 739 697 audire
778 634 968 716 apostolica
1000 635 1164 699 mandata
1188 653 1280 693 rev-u
1294 652 1312 692 r.

206 737 399 814 ‘tanquam
421 731 559 815 prolata
581 733 719 798 coelitus
743 740 779 797 et
803 732 978 798 emissa.'¹
1000 755 1017 760 ··
1031 703 1326 831 Finito-Q

206 849 276 913 'que
297 851 468 910 sermone,
486 833 584 897 brevi
606 833 797 914 statimque
817 851 862 896 ex
877 842 1053 916 praecepto
1070 837 1163 917 regis

208 931 423 996 recitabatur
449 933 488 994 in
521 931 659 995 Gallico
694 940 790 996 totus
828 952 1012 1014 processus
1043 953 1163 1016 supra*

207 1031 373 1112 scriptae,
404 1033 586 1113 ‘quomodo
622 1031 756 1096 scilicet
794 1030 884 1095 inter
923 1052 1023 1114 reges
1067 1034 1163 1116 ipsos

208 1150 337 1210 guerra
358 1137 562 1208 exortaest,
577 1139 612 1194 et
629 1149 740 1212 usque
755 1131 795 1193 in'
806 1131 951 1196 eundem
973 1133 1065 1197 diem
1080 1153 1162 1197 con.-

208 1229 367 1309 tinuata3
383 1239 423 1294 ut
438 1231 506 1312 ipsi
520 1231 580 1311 qui
594 1230 802 1294 mediatores
814 1232 911 1311 pacis
926 1233 1116 1297 existerent
1127 1240 1164 1297 et

209 1329 428 1410 promotores
455 1330 582 1394 uidere
620 1336 763 1411 possent
800 1337 836 1393 et
870 1330 1049 1396 dinoscere
1077 1333 1162 1413 -quis

209 1447 330 1509 regum
343 1429 519 1512 justitiam
533 1429 678 1492 haberet
695 1430 731 1492 in
746 1429 865 1506 causa,
882 1430 939 1494 vel
955 1432 1034 1512 quis
1050 1432 1161 1514 iujus-

208 1527 321 1592 titiam
351 1529 561 1594 confoveret.
630 1529 674 1591 In
700 1528 769 1592 fine
796 1549 879 1593 vero
912 1531 1022 1594 totius
1047 1531 1162 1612 longae

208 1627 420 1692 recitationis
444 1627 689 1710 suprascripta
715 1627 868 1692 surrexit
890 1626 1064 1693 Antonius
1087 1630 1163 1694 Du-

209 1727 396 1792 nolmensis
417 1727 614 1810 episcopus
629 1733 668 1790 et
682 1745 729 1790 ers
743 1735 842 1809 parte
867 1729 963 1810 regis
984 1729 1163 1812 respondit

209 1825 260 1889 sic
277 1827 313 1888 in
329 1826 480 1904 Gallico,
497 1833 521 1862 “
533 1826 622 1904 Vos,
640 1826 770 1891 domini
789 1826 995 1903 cardinales,
1010 1829 1163 1910 rogastis

209 1932 246 1988 et
258 1927 453 2008 requisistis
472 1925 649 1992 dominum
673 1933 830 1990 nostrum
844 1946 1043 2008 regempro
1059 1928 1163 2010 plena

210 2043 297 2107 pace
324 2025 543 2090 concedenda
568 2025 624 2090 vel
648 2026 749 2090 bonis
773 2026 899 2090 saltem
926 2027 1059 2107 treugis
1085 2027 1162 2090 diu·

208 2125 282 2194 tius
304 2125 564 2208 amplectendis,
616 2125 663 2189 Et
679 2123 762 2188 licet
780 2126 1019 2208 uuusquisque
1044 2125 1162 2191 Chris·

209 2223 326 2288 tianus
346 2233 382 2289 et
405 2225 483 2290 fide'
499 2224 691 2289 catholicus
713 2243 834 2308 pacem
854 2225 944 2290 velle
965 2226 1105 2289 debebit
1128 2233 1163 2290 et

210 2342 288 2386 eam
314 2324 477 2407 amplecti
505 2326 640 2389 ratione
664 2326 833 2388 bonorum
860 2343 939 2407 quae
966 2345 1012 2388 ex
1040 2345 1082 2389 ea
1110 2343 1164 2389 se·

207 2431 376 2504 quantur,
406 2424 441 2488 et
464 2431 607 2506 propter
628 2424 705 2506 ejus
728 2425 903 2488 contraria
925 2433 962 2488 et
992 2425 1162 2488 immensa

211 2523 311 2586 mala
329 2542 407 2605 qua
424 2543 469 2586 ex
487 2527 614 2604 'guerra
636 2525 844 2604 proveniunt
867 2531 903 2588 et
925 2543 969 2587 ex
992 2524 1162 2589 seditione

208 2630 410 2696 nascuntur,
426 2623 543 2686 tamen
559 2621 762 2686 fidelitatem
777 2623 932 2706 juratam
959 2630 995 2687 et
1016 2625 1162 2706 promis-

207 2721 442 2785 samtideiiten
457 2729 574 2785 tenere
589 2721 814 2786 ‘deberent’2
829 2722 984 2787 homines
994 2722 1159 2788 universi.

211 2820 314 2884 Unde
343 2823 418 2903 ipse
450 2821 624 2885 dominus
646 2841 708 2884 rex
744 2821 928 2903 respondet
959 2823 1057 2886 vobis
1086 2823 1158 2887 sic:

208 2919 348 2998 “Quod
365 2920 446 2984 talis
463 2919 712 2985 confoederatio
727 2919 948 3003 interregem
967 2919 1161 2986 Alemaniee

207 3026 246 3083 et
259 3021 374 3100 ipsum
386 3019 462 3102 jam
477 3039 568 3084 nuuc
582 3018 670 3084 inita
697 3027 762 3096 est,
778 3027 813 3084 et
831 3039 892 3102 per
906 3027 1161 3083 sacramentum

208 3119 426 3194 confirmata,
452 3119 546 3201 quod
582 3123 706 3184 neuter
733 3139 852 3183 eorum
888 3120 1019 3200 absque
1052 3117 1162 3182 altero

210 3237 289 3280 cum
312 3237 395 3299 rege
414 3218 625 3283 Francorum
651 3237 773 3300 pacem
800 3217 915 3293 faciet,
941 3216 998 3281 vel
1020 3224 1162 3297 treugas

210 3315 409 3381 ‘concedet'
420 3317 439 3352 ³·
449 3337 589 3400 quoquo
604 3317 720 3381 modo.
770 3316 883 3400 Cujus
898 3316 948 3380 rei
963 3335 1071 3382 causa
1085 3316 1162 3399 ipso

209 3418 299 3480 ‘non
338 3414 553 3498 requisito'⁴
582 3417 638 3481 vel
668 3416 905 3493 dissentiente,
940 3436 1002 3481 nec
1042 3433 1162 3498 pacem

209 3515 322 3580 facere
337 3523 452 3597 potest
469 3536 532 3580 nec
551 3523 694 3597 treugas
714 3516 901 3580 concedere
915 3516 1027 3581 vult.’'
1080 3515 1161 3593 Quo

209 3623 368 3679 cessante
382 3616 489 3696 loqui,
506 3616 686 3680 confestim
703 3615 905 3679 cardinales
918 3616 1032 3698 ipsum
1045 3635 1161 3697 regem

207 3725 432 3794 rogaverunt,
447 3721 499 3792 ut,
516 3727 561 3778 ex
583 3714 765 3778 clementia
782 3717 891 3796 regia,
912 3735 1064 3780 annuere
1086 3715 1163 3796 dig-

210 3822 352 3877 naretur
373 3815 513 3879 nuntios
536 3834 640 3897 super
655 3813 720 3878 hoc
745 3815 819 3896 regi
841 3812 1033 3878 Alemaniae
1055 3814 1161 3877 desti-

209 3923 329 3978 nare*
357 3914 403 3978 Et
428 3909 535 3978 ¹datus
564 3921 619 3978 est
649 3913 723 3977 dies
747 3913 917 3978 crastinus
947 3914 990 3978 ad
1019 3930 1162 3993 respon·

244 4117 312 4170 ¹Sic
322 4121 379 4170 MS.
389 4121 500 4181 Lansd.;
518 4081 670 4173 Msssscou.
731 4118 887 4182 ’‘debent‚'
899 4121 955 4170 MS.
969 4121 1064 4170 Lansd.
1116 4111 1118 4116 ’

205 4190 278 4241 Arm.
290 4191 342 4240 end
361 4191 428 4240 Cott.
440 4187 498 4244 Tib,
515 4188 576 4240 read
593 4193 670 4240 ‘ton-
731 4191 742 4222 ³
759 4190 914 4253 ‘concedat'
926 4191 983 4240 MS.
992 4189 1058 4240 0011.
1072 4190 1142 4240 Arm.

208 4275 284 4322 quam
296 4261 399 4309 coelitus
410 4262 489 4311 etiem
500 4255 613 4312 emissa’
660 4291 661 4298 κ
730 4257 740 4286 ⁴
757 4259 934 4323 'irrequisita'
948 4259 1004 4310 MS.
1016 4261 1111 4310 bened.

941 4357 987 4402 1¹2
