3144 4990
407 504 576 553 weuram
601 501 648 551 ou
672 503 953 554 unurucnuacu.
1089 489 1156 552 369

201 659 322 737 satam,
348 662 532 744 privilegia
562 681 603 726 ac
627 661 806 725 libertates
833 660 1097 738 ecclesiasticas,
1116 669 1155 725 ut
1168 677 1317 767 uprfflp.

201 759 286 822 certi
315 780 447 838 samue,
473 762 596 826 fovere·
623 761 744 828 existit
772 781 813 824 ac
839 780 1064 834 conservare3
1091 781 1317 854 necffi

201 865 254 921 est
271 860 441 941 siquidem
454 861 642 925 voluntatis
658 861 746 943 ejus,
764 879 827 922 uec
844 879 920 922 esse
935 859 1046 937 debet,
1060 860 1152 943 quod
1166 861 1316 959 5¹53?33,{„·‚

200 956 313 1020 clerus
337 959 431 1023 ultra
457 960 713 1024 concessionem
740 977 838 1021 suam
871 966 1108 1040 spontaneam,
1131 960 1304 1052 afflg‘ciffi?

200 1074 376 1138 quoquam
396 1068 561 1126 oneratus
578 1058 624 1122 sit
638 1058 695 1121 vel
713 1065 903 1138 gravatus:
929 1057 993 1120 hoc
1009 1057 1105 1122 euim·
1116 1058 1152 1122 in
1165 1059 1235 1103 “¹¹⁰1·

200 1154 439 1237 praejudicium
462 1164 592 1224 sauctae
618 1156 785 1232 ecciesiae,
809 1156 901 1237 quod
916 1156 1065 1220 tolerare
1084 1175 1159 1220 uon.

199 1271 397 1333 possumus,
412 1274 479 1318 non
503 1255 675 1321 modicum
692 1263 884 1318 verteretur
900 1261 936 1317 et
949 1273 1152 1336 gravamen.

199 1350 237 1414 Si
252 1360 381 1430 autem,
398 1361 438 1418 ut
458 1353 690 1434 praemittitur,
709 1353 875 1434 praedicta
903 1371 1065 1416 revocare
1091 1373 1151 1418 ue-

198 1469 373 1532 quaquam
413 1452 617 1516 curaveritis
642 1471 705 1516 nec
736 1451 927 1528 annullare,
963 1452 1148 1515 remedium

198 1550 301 1630 quale
316 1559 439 1614 sancta
456 1551 602 1616 ecclesia
619 1550 816 1632 permittere
831 1550 960 1633 poterit
975 1568 1151 1631 apponere

198 1667 268 1712 uon
285 1651 493 1714 omittemus,
546 1650 592 1712 Et
617 1648 699 1730 quid
722 1649 757 1710 in
782 1649 971 1731 praemissis
987 1648 1150 1726 feceritis,

149 1790 154 1800 .
198 1747 294 1810 velut
323 1749 414 1812 filius
442 1747 645 1830 spiritualis,
668 1747 791 1823 fidelis,
816 1767 857 1810 ac
880 1748 958 1811 Deo
986 1755 1149 1830 acceptus

198 1845 289 1910 infra
303 1856 382 1910 octo
403 1847 475 1910 dies
487 1853 567 1928 post
584 1846 705 1908 harum
722 1847 951 1927 receptionem
972 1845 1150 1910 literarum

197 1962 259 2024 per
284 1944 401 2016 literas
417 1953 551 2011 vestras
566 1963 630 2007 nos
650 1944 838 2008 certificare
854 1945 992 2008 curetis.
1044 1943 1150 2025 Spiri-

197 2049 254 2106 tus
271 2043 432 2120 Sanctus‚
448 2045 538 2109 sicut
550 2043 708 2124 justitias
723 2061 806 2106 suas
829 2043 907 2119 sibi,
925 2050 1093 2124 quantum
1115 2044 1150 2112 in

198 2142 294 2205 vobis
322 2150 387 2219 est,
410 2141 631 2206 servaveritis
655 2141 820 2216 illibatas,
844 2160 969 2222 corpus
995 2149 1149 2214 vestrum

197 2247 233 2303 ot
255 2241 405 2305 animam
425 2242 561 2306 salvare
579 2240 740 2322 dignetur
758 2246 793 2302 et
807 2239 991 2303 custodire.
1007 2319 1010 2324 Ι
1046 2240 1149 2303 Datee

198 2337 397 2404 cantuariae
418 2357 553 2406 xxvru.
580 2339 635 2402 die
657 2339 783 2402 mensis
806 2337 978 2415 Januarii,
995 2357 1086 2408 auno
1110 2347 1148 2407 ut

195 2456 314 2519 supra,
327 2446 363 2511 et
378 2438 613 2510 translationis
628 2445 756 2508 nostrae
772 2436 954 2518 septimo.”

211 2661 352 2741 Qualiter
366 2663 623 2748 Archicpiscopus
633 2663 758 2747 scripsit
772 2662 859 2748 aar,
875 2661 1067 2748 Conribioqua
1081 2677 1145 2726 ruo.

247 2835 347 2900 Misit
367 2853 505 2917 quoque
530 2835 808 2915 archiepiscopus
833 2834 907 2915 regi
938 2853 979 2898 ac
1004 2836 1147 2905 consilio
1160 2849 1281 2890 Theseu·

1160 2901 1233 2949 bistrup
1242 2903 1266 2940 oi

195 2952 258 2997 suo
282 2932 481 2997 schedulam
497 2932 571 2996 sive
585 2932 704 2995 biliam
719 2933 754 2994 in
770 2931 920 3008 Gallico,
935 2933 1021 2996 talia
1037 2935 1146 2996 conti·
1159 2950 1308 3040 &32⁰3ss

195 3041 343 3096 nentem.
387 3030 574 3093 “Domino
596 3037 716 3093 nostro
731 3031 817 3110 regi,
834 3030 1044 3112 consilioque
1070 3050 1146 3108 suo,
1161 3050 1270 3098 maian

1107 3129 1113 3144 .
1158 3099 1253 3140 eouncu.

195 3149 236 3220 ac
252 3123 410 3195 omuibus
437 3135 472 3192 et
495 3128 641 3210 singuiis
656 3127 738 3196 dieti
755 3128 890 3200 consilii
905 3129 960 3196 sui
976 3148 1146 3210 personis,

97 3258 101 3267 ·
194 3235 427 3299 monstramus
453 3245 515 3294 nos
543 3226 567 3290 J
570 3227 736 3302 ohannes,
761 3227 987 3308 permissione
1018 3227 1147 3306 diviua,

196 3327 458 3396 cantuariensis
485 3324 774 3406 archiepiscopus,
801 3324 907 3394 totius
923 3324 1061 3406 Angliae
1077 3327 1147 3406 pri-

195 3447 283 3503 mas,
298 3435 333 3490 et
346 3425 439 3492 sedis
455 3425 656 3506 apostolicae
671 3423 822 3505 legatus,
833 3424 926 3506 quod
939 3444 1016 3487 cum
1030 3440 1147 3495 omnes

194 3526 337 3592 clericos
361 3525 547 3605 capientes,
566 3523 600 3590 iu
625 3541 797 3589 carcerem
824 3523 933 3594 invite
958 3523 1147 3599 mittentes,

194 3643 256 3687 seu
274 3623 477 3698 detinentes
495 3641 536 3687 ac
551 3640 610 3688 eos
628 3640 831 3703 quocunque
846 3621 1020 3685 voluerint
1042 3622 1147 3692 iibere

194 3724 245 3786 ire
260 3741 328 3791 non
351 3721 600 3802 permittentes,
619 3720 699 3783 ilios
723 3721 867 3784 clericos
894 3729 929 3782 et
946 3721 1083 3802 publice
1106 3739 1147 3788 ac

195 3821 331 3891 notorie
344 3838 408 3901 pro
427 3819 555 3886 talibus
580 3826 772 3899 reputatos,
797 3820 957 3892 scientes,
973 3826 1009 3888 et
1024 3827 1063 3886 ut
1079 3819 1148 3886 cle-

194 3921 285 3992 ricos
309 3939 346 3982 se
368 3919 545 3992 habentes,
562 3918 621 3997 qui
647 3917 789 3985 crimina
813 3936 882 3983 uon
906 3915 1065 3992 confessi,
1084 3936 1147 3984 nec

194 4020 244 4090 de,
271 4016 469 4083 criminibus
496 4015 644 4078 convicti
680 4033 743 4081 uec
768 4014 935 4096 judicati,
957 4033 1020 4078 nec
1043 4015 1147 4084 etiam

195 4117 330 4182 notorie
353 4116 387 4178 iu
414 4114 611 4177 criminibus
637 4119 720 4175 sunt
745 4112 997 4194 deprehensi,a
1019 4132 1148 4177 canone

195 4218 278 4284 lata
290 4213 469 4278 sententiae
480 4212 634 4282 existunt
645 4211 817 4291 innodati;
836 4211 932 4274 illam
943 4212 1148 4276 seutentiam

249 4354 329 4400 von.
348 4353 386 4400 11.
423 4318 428 4326 ’
937 4354 955 4398 u
979 4353 999 4398 a
