3178 4992
422 469 593 518 wanrrnr
618 470 664 516 or
688 469 971 518 nnnrucnunen.
1111 455 1176 520 129

221 617 378 683 liolensis
409 622 594 704 episcopus
624 629 659 685 et
689 621 806 685 caeteri
833 620 900 684 viri
930 621 992 703 qui
1021 641 1099 684 cum
1132 641 1173 687 eo
1199 643 1323 736 {iffi

222 725 323 782 erant
339 719 375 782 in
399 721 560 802 praesidio
583 721 736 785 civitatis
758 718 915 804 ejusdem
939 727 974 784 et
995 720 1113 798 castri,
1131 722 1173 786 ti·
1187 748 1335 820 W

222 823 355 880 mentes
391 819 434 882 de
471 819 676 884 infidelitate
713 828 748 883 ct
780 821 1016 884 inconstantia
1045 821 1293 886 d0m1nis00nma

224 914 372 980 Roberti
398 918 441 980 de
468 918 583 1001 Bruys
607 917 772 1002 junioris,
799 917 944 982 comitis¹
960 917 1003 982 de
1035 918 1173 996 Carrik,
1186 905 1302 998 ἷξξῗζᾙὲξ

223 1014 392 1080 miserunt
421 1028 587 1081 vocantes
624 1036 717 1092 eum,
752 1023 792 1080 ut
827 1022 923 1080 certo
957 1016 1012 1082 die
1040 1010 1251 1082 veniretssffl·

224 1118 436 1178 tractaturus
456 1134 533 1179 cum
558 1115 609 1179 eis
632 1115 675 1180 de
699 1114 850 1196 negotiis
876 1114 981 1196 regia,
998 1114 1029 1180 si
1054 1123 1174 1180 tamen

223 1211 260 1273 in
278 1211 345 1275 fide
362 1213 472 1296 ipsius
495 1213 587 1296 regis
602 1213 857 1296 perseverando
881 1220 1050 1279 maneret.
1102 1214 1174 1304 Qui

224 1310 398 1375 mandatis
425 1313 586 1377 resistere
611 1332 680 1376 non
706 1312 850 1387 audens,
870 1311 965 1376 veuit
990 1312 1033 1376 ad
1059 1312 1174 1394 ipsum

224 1409 314 1472 diem
350 1429 427 1473 curn
463 1412 541 1494 ipso
578 1411 707 1495 populo
745 1409 960 1484 Galewaliae,
998 1419 1034 1474 et
1070 1430 1175 1493 super

225 1516 449 1573 sacrosancta
473 1510 641 1593 mysteria
658 1508 802 1593 juravit,
829 1517 865 1573 et
888 1528 993 1591 super
1019 1508 1173 1591 gladium

225 1608 337 1671 sancti
358 1607 504 1673 Thomas
524 1609 760 1693 juramentum
783 1608 960 1690 praestitit,
983 1607 1076 1690 quod
1099 1610 1174 1690 regi

226 1713 346 1770 nostro
375 1716 410 1771 et
434 1709 506 1771 suis
531 1715 654 1772 contra
673 1706 796 1771 Scotcs
820 1714 857 1770 et
877 1725 995 1770 omues
1015 1706 1173 1771 inimicos

226 1822 307 1868 suos
339 1805 486 1871 fideliter
511 1807 688 1882 assisteret
713 1806 750 1869 in
774 1804 927 1870 consiliis
952 1813 988 1870 et
1017 1806 1171 1883 auxiliis,

226 1902 422 1986 damnaque
447 1925 513 1969 sua
541 1905 723 1987 impediret
743 1905 780 1967 in
804 1912 973 1985 quantum
993 1922 1031 1967 se
1057 1913 1174 1986 posset

224 2021 291 2065 sua
310 2002 458 2068 facultas
473 2003 680 2077 extendere3
708 2003 870 2085 factoque
889 2002 1103 2086 juramento,
1119 2024 1172 2067 re-

226 2119 348 2165 versus
357 2101 456 2167 ‘est'¹
470 2102 632 2167 inlocum
645 2121 759 2179 suum,
768 2108 804 2166 et
812 2107 1023 2182 congregato
1032 2101 1175 2183 populo,

228 2207 267 2263 ut
290 2200 438 2265 colorem
460 2201 619 2284 fingeret,
634 2201 804 2284 processit
823 2201 858 2264 in
884 2205 995 2264 terras
1018 2200 1176 2282 praedicti

227 2297 395 2365 Willelmi
417 2301 588 2383 DouglaS‚
613 2308 649 2365 et
674 2309 807 2382 partem
837 2318 954 2363 earum
986 2299 1175 2363 combussit

227 2396 311 2478 igni,
334 2406 369 2464 et
393 2418 537 2465 uxorem
553 2400 629 2484 ejus
654 2407 690 2463 et
711 2398 876 2482 parvulos
893 2416 1009 2462 secum
1030 2397 1177 2462 adduxit

227 2496 263 2558 iu
281 2496 420 2562 Vallem
440 2497 621 2564 Auandiae.
675 2497 755 2563 Gito
782 2504 898 2562 tamen
924 2503 1016 2578 post,
1044 2497 1125 2560 dum
1154 2516 1176 2560 a

227 2596 483 2678 conspiratione
509 2587 690 2662 Scotorum
707 2602 938 2663 reverteretur
954 2596 999 2659 ad
1023 2596 1176 2677 propria,

228 2697 430 2760 convocatis
461 2695 628 2761 militibus
657 2697 767 2778 patris
797 2696 852 2759 sui
880 2695 923 2758 de
951 2701 1045 2758 terra
1060 2692 1176 2758 Vallis

229 2790 399 2859 Anandiae
425 2793 523 2881 (nam
544 2803 644 2877 pater
664 2795 775 2877 ipsius
800 2795 836 2857 in
858 2792 1070 2858 australibus
1095 2812 1175 2874 par-

231 2891 324 2955 tibus
364 2891 504 2974 Angliae
542 2913 674 2957 moram
712 2892 874 2969 faciebat,
906 2890 1010 2974 hujus
1044 2890 1176 2955 fraudis

231 2987 400 3074 nescius),
430 2991 522 3054 dixit
556 2992 618 3068 eis,
649 2997 672 3026 “
691 2989 871 3055 Carissimi
900 2987 979 3064 mei,
1004 2988 1112 3064 scitia,
1141 2996 1177 3053 et

231 3107 352 3152 verum
384 3096 450 3164 est,
481 3089 573 3171 quod
604 3108 714 3171 nuper
741 3088 832 3170 apud
863 3085 1053 3152 Garliolum
1079 3085 1176 3168 jura-

231 3193 385 3251 mentum
406 3188 567 3269 praestiti,
584 3187 626 3251 de
647 3207 715 3270 quo
731 3187 827 3250 scitis
843 3193 878 3250 et
898 3183 1067 3262 audistis;
1090 3184 1178 3248 stul.-

231 3293 305 3350 tum
332 3286 470 3368 quidem
497 3294 532 3350 et
547 3287 581 3350 vi
605 3292 792 3362 extortum,
814 3303 896 3347 nam
912 3284 1036 3347 timore
1051 3282 1177 3347 ductus

230 3385 294 3449 hoc
315 3385 379 3449 feci
399 3403 553 3466 corpore,
569 3385 630 3449 sed
653 3404 721 3449 non
738 3391 864 3461 mente,
885 3381 977 3446 unde
991 3381 1177 3445 contristor

229 3492 265 3548 et
291 3484 444 3567 poeniteo
461 3483 584 3564 valde;
608 3503 711 3567 spero
733 3489 850 3546 tamen
873 3500 929 3545 me
951 3478 1177 3544 absolutionis

229 3583 430 3647 beneficium
457 3590 721 3647 consecuturum
737 3581 773 3647 in
788 3581 896 3646 brevi.
943 3577 1076 3643 Verum
1094 3578 1177 3660 quia

229 3701 367 3745 carnem
383 3699 481 3745 suam
500 3701 601 3746 nemo
616 3699 768 3764 unquam
787 3680 866 3744 odio
883 3678 1018 3755 babuit,
1032 3696 1096 3742 nec
1110 3696 1177 3758 ego

228 3779 350 3858 habeo,
370 3787 507 3863 oportet
525 3787 565 3844 ut
589 3781 714 3844 vadam
738 3779 782 3844 ad
803 3777 971 3864 populum
991 3796 1116 3851 meum,
1140 3781 1176 3838 et

229 3880 363 3944 nationi
386 3898 472 3944 meae
501 3879 674 3962 adjungar
694 3898 739 3942 ex
764 3897 835 3959 qua
856 3882 1060 3958 procreatus
1087 3891 1177 3937 sum.

228 3977 332 4060 Rogo
356 3985 471 4042 autem
496 3996 559 4042 vos
574 3985 614 4042 ut
635 3976 719 4040 illud
737 3976 827 4040 idem
842 3975 1021 4049 iacientes
1038 3971 1177 4053 placeat

499 4201 507 4233 ¹
522 4193 649 4265 supplied
659 4202 722 4252 lrom
734 4201 793 4252 MS.
805 4199 873 4250 cott.
883 4199 940 4247 Tib.

278 4319 358 4369 von.
376 4321 414 4366 ιι.
871 4304 873 4308 ’
1002 4313 1022 4356 u
