3138 4988
409 495 581 544 winrnar
604 497 651 546 aa
673 493 957 544 nnnrnononcn.
1086 479 1153 549 aas

202 648 427 714 reformandis
457 650 577 726 illatis,
608 659 644 715 et
676 649 933 733 propulsandis·
952 649 1150 726 inserendis,
1164 684 1254 726 mma
1272 688 1314 728 nr.

203 767 265 829 per
280 766 356 811 enm
372 749 482 825 nobie,
497 750 645 833 injuriis,
660 757 695 813 et
706 750 844 832 juribus
864 750 991 813 nostris
1007 748 1151 817 haeredi·
1171 736 1198 776 Α·
1208 737 1302 776 ”·¹³⁴⁰·

201 845 300 910 tariis
313 849 528 922 obtinendis;
556 854 566 884 ‘
580 847 692 931 quae'¹
709 869 772 930 pro
785 855 881 914 certo
897 848 1071 930 negligere
1081 869 1150 913 non
1163 819 1306 919 illlis,

202 945 425 1023 intendimus,
438 947 499 1010 sed
511 965 564 1024 ea,
577 947 643 1010 nisi
658 947 761 1010 aliam
776 948 867 1011 viam
883 966 1073 1029 congruam
1088 967 1150 1029 po·
1163 921 1274 1011 ‘rf'sl'i'l'ia

202 1043 380 1121 metimus,
393 1065 641 1128 prosequemur
652 1065 714 1128 pro
726 1047 869 1123 viribus,
882 1047 957 1110 Deo
972 1046 1069 1112 duce.
1104 1047 1151 1111 Et

202 1141 283 1207 licet
296 1162 412 1207 coram
428 1145 624 1208 reverendis
641 1145 797 1226 patribus
814 1143 919 1208 Petro
934 1145 1027 1209 tituli
1043 1145 1150 1210 Sanc·

203 1247 249 1304 tae
284 1239 454 1306 Praxedis
483 1245 696 1325 presbytero,
723 1249 758 1306 et
790 1243 1150 1316 Bertrando.Sanctae

203 1337 326 1404 Mariae
342 1341 376 1403 in
388 1338 522 1423 Aquiro
538 1341 695 1418 diacono,
711 1341 954 1417 cardinalibus,
971 1348 1007 1408 ct
1022 1345 1149 1409 sancti·

201 1438 285 1501 tatis
310 1446 435 1503 vestrae
465 1440 611 1515 nunciis,
638 1440 697 1520 qui
725 1439 817 1504 circa
849 1441 946 1521 pacis
972 1440 1150 1522 negotium

200 1535 421 1601 laudabiliter
455 1547 490 1602 et
518 1538 662 1602 sollicite
687 1537 901 1613 laborarunt,
930 1538 1076 1620 petitum
1104 1540 1150 1604 sit

202 1642 319 1699 nostro
335 1637 472 1699 nomine
493 1637 624 1705 dictum
639 1655 783 1716 regnum
804 1637 972 1714 Franciae,
989 1637 1080 1719 quod
1105 1639 1149 1704 ad

201 1751 264 1796 nos
290 1734 461 1815 pertinere
488 1735 641 1801 noscitur
668 1737 761 1798 omni
784 1734 876 1816 jure,
904 1754 1035 1817 nosque
1061 1755 1149 1817 prae·

201 1830 283 1895 fatis
311 1832 554 1909 cardinalibus,
595 1833 659 1895 sub
694 1834 796 1896 certis
828 1833 892 1896 viis
922 1833 1029 1914 pacis,
1059 1834 1149 1898 velle

133 1927 135 1932 ’
200 1938 369 2008 nostrum,
385 1932 475 1998 bona
498 1931 576 2007 fide,
592 1930 774 1994 fecerimus
797 1932 943 2013 aperire,
965 1931 1148 1997 offerentes

200 2047 337 2110 semper
358 2029 401 2093 ad
425 2049 561 2093 omnem
579 2031 669 2098 viam
693 2031 789 2109 pacis
817 2029 1057 2094 rationabilem
1084 2049 1147 2094 nos

199 2135 353 2209 paratos,
382 2147 445 2210 pro
479 2135 573 2192 certo
606 2135 722 2191 tamen
755 2127 797 2190 de
824 2127 1005 2191 voluntate
1038 2129 1147 2208 partis

199 2226 368 2303 adversae,
393 2245 455 2290 nec
479 2245 540 2308 per
562 2227 746 2309 praedictos
769 2226 973 2301 cardinales
996 2245 1059 2289 nec
1086 2247 1147 2307 per

201 2324 301 2400 alioS,
319 2325 496 2407 hucusque
517 2325 604 2388 scire
628 2325 845 2406 nequivimus
868 2324 959 2405 quod
976 2323 1066 2387 idem
1084 2325 1146 2389 do·

200 2424 312 2486 minus
331 2423 515 2506 Philippus
533 2424 717 2505 quicquam
733 2423 832 2486 nobis
855 2422 968 2486 sacere
985 2422 1145 2500 voluerit,

201 2522 256 2585 vel
279 2522 412 2587 offerre.
466 2522 520 2585 Et·
538 2541 670 2599 revera,
694 2523 722 2585 si
750 2522 848 2588 nobis
876 2522 1087 2592 oblationem
1111 2531 1147 2585 et

200 2621 405 2688 mediocrem
429 2629 510 2688 tunc
535 2620 696 2698 fecisset,
710 2621 753 2689 ad
774 2620 919 2691 vitanda
944 2639 1146 2701 guerrarum

198 2719 395 2786 discrimina
421 2726 456 2782 et
480 2739 709 2801 expensarum
733 2719 914 2800 profluvia,
942 2738 1146 2800 supeream

198 2818 435 2882 rationabilem
449 2817 648 2884 fecissemus
665 2816 969 2890 deliberationem
997 2816 1058 2880 sed
1070 2816 1146 2898 jam

198 2935 266 2979 non
291 2917 446 2979 videmus
473 2914 557 2996 quid
580 2915 755 2996 perviam
781 2915 878 2996 pacis
902 2915 1051 2977 ulterius
1068 2934 1146 2978 cum

199 3013 328 3079 bonore
345 3021 464 3078 nostro
480 3013 592 3080 facere
608 3013 797 3082 valcamus.
849 3011 886 3080 Si
902 3020 1016 3084 tamen
1034 3011 1146 3078 adhuc

197 3113 336 3194 placeat
364 3111 511 3194 praefato
535 3111 673 3180 domino
698 3109 863 3192 Philippo
893 3111 992 3178 nobis
1025 3109 1146 3178 offerre

198 3211 439 3275 rationabilem
471 3210 563 3272 viam
601 3210 766 3291 aliquam,
799 3208 855 3273 vel
895 3209 998 3273 etiam
1031 3215 1147 3280 vestra

198 3309 429 3374 consideratio
447 3309 603 3390 provida,
615 3326 675 3370 seu
693 3307 776 3378 dicti
795 3307 925 3379 domini
941 3305 1146 3383 cardinales,

198 3407 395 3491 hujusmodi
429 3409 521 3472 viam
548 3399 750 3488 congruam,
783 3407 838 3468 cui
866 3404 1053 3487 predictus
1085 3404 1146 3468 do·

198 3508 312 3570 minus
322 3506 506 3588 Philippus
516 3505 710 3568 consentire
720 3505 880 3580 voluerit,
893 3504 993 3570 nobis
1003 3503 1147 3574 fecerint

198 3606 336 3686 aperiri,
357 3607 487 3680 statim,
502 3623 580 3668 cum
606 3603 648 3666 de
670 3603 732 3668 illa
756 3603 960 3680 constiterit,
978 3602 1145 3672 delibera*

195 3705 323 3768 tionem
352 3703 478 3767 habere
498 3702 658 3767 volumus
682 3721 786 3784 super
812 3721 865 3780 ea,
888 3721 929 3765 ac
949 3721 1028 3769 cum
1054 3703 1146 3768 omni

196 3802 375 3865 celeritate
412 3802 526 3866 facere
565 3802 823 3883 responsionem
856 3819 935 3882 quae
967 3801 1145 3868 sanctitati

195 3908 321 3968 vestrae
344 3908 380 3964 et
405 3900 538 3966 cunctis
560 3899 812 3968 consideratam
840 3905 969 3960 rectam
992 3904 1027 3961 et
1053 3897 1145 3965 ordi·-

195 4008 313 4064 natam
342 4000 511 4065 rationem
537 3997 744 4060 habentibus
762 3995 870 4060 videri
892 3994 1016 4066 debeat
1039 3995 1145 4058 ratio·

495 4219 501 4253 ¹
520 4220 645 4282 Supplied
657 4220 721 4274 from
734 4220 837 4281 Rymer.

244 4339 325 4386 VOla·
350 4337 390 4388 ll·
921 4332 945 4378 Α
972 4332 995 4378 Δ
