3138 4988
403 469 574 518 wanruar
599 471 646 516 nn
669 471 951 519 nnurucanacu.
1086 457 1152 520 335

204 627 372 690 Romanae
388 627 543 690 ecclesiae
560 636 761 725 persecutor
779 635 814 691 et
830 627 941 691 hostis
960 627 1113 705 effectus,
1131 649 1152 692 a
1163 657 1257 696 ravon
1271 655 1313 694 nr

1175 707 1237 746 A..D
1249 707 1305 744 1939.

202 727 328 806 quibus
348 732 383 789 te
403 726 717 790 misericordiarum
737 727 910 791 Dominus
935 734 1096 810 protegat
1116 709 1192 791 et
1165 760 1314 771 ---

202 824 375 889 defendat.
434 824 735 907 consideransque
760 832 928 906 praeterea
958 826 1209 928 diligenter,XII
1164 838 1268 926 Benedict

203 924 295 1005 quod
329 923 411 986 licet
442 922 629 986 humanum
665 923 710 986 sit
745 943 901 1004 peccare,
931 926 966 987 in
999 889 1185 1006 peccatisX

203 1030 320 1087 tamen
336 1023 596 1103 perseverantia
617 1021 789 1086 diabolica
809 1028 863 1085 est
887 1024 1066 1101 censenda,
1081 1031 1116 1088 te
1131 1043 1153 1086 a

204 1121 392 1204 praemissis
409 1120 555 1202 singulis
570 1121 621 1185 sic
643 1120 821 1184 horrendis
842 1120 962 1197 deviis,
980 1122 1011 1184 si
1033 1121 1077 1186 ad
1092 1121 1153 1186 illa

1163 789 1213 828 Bull
1222 788 1245 826 of
1257 788 1314 835 Pope

205 1221 319 1286 forsan
345 1219 571 1283 declinaveris
591 1219 788 1300 serpentina
812 1218 1012 1300 deceptione
1033 1221 1154 1284 seduc·
1237 1226 1240 1231 ’

206 1325 275 1395 tus,
303 1324 489 1399 antequam
520 1317 735 1381 invalescant
762 1317 1000 1398 perniciosius,
1025 1339 1087 1382 seu
1119 1319 1155 1380 in

206 1423 392 1497 conspectu
419 1417 486 1479 Dei
518 1422 553 1479 et
576 1416 751 1480 hominum
775 1416 922 1480 soeteant
943 1417 1094 1480 deterius
1121 1424 1156 1480 et

207 1521 421 1598 putrescant,
446 1515 579 1578 resilire
610 1516 761 1595 penituS,
793 1514 968 1596 pedesque
999 1523 1079 1580 tuos
1110 1515 1154 1578 ad

208 1615 299 1678 viam
313 1622 456 1690 rectam,
470 1615 545 1676 Deo
556 1614 720 1695 placitam
738 1633 779 1677 ac
791 1614 860 1677 tuis
871 1615 991 1691 statui,
1006 1615 1111 1678 saluti
1121 1621 1156 1677 et

207 1712 329 1777 honori
351 1731 552 1793 congruam,
567 1712 715 1792 dirigere
740 1713 950 1792 quantocius,
966 1732 1034 1776 non
1060 1721 1156 1794 post-

207 1830 339 1893 ponas;
364 1811 550 1874 eorundem
572 1810 809 1885 cardinalium,
827 1811 888 1890 qui
908 1818 1158 1892 testatumque

208 1917 307 1974 tuum
332 1909 464 1972 sincere
493 1909 654 1989 diligunt,
669 1927 774 1989 super
796 1908 1037 1974 reformatione
1063 1909 1159 1990 pacis

209 2009 298 2072 inter
315 2015 349 2072 te
366 2014 401 2070 et
418 2008 548 2071 dictum
569 2027 685 2086 regern
706 2012 827 2070 mutuo
842 2007 1006 2088 placabili
1023 2008 1100 2071 Deo
1122 2015 1157 2071 et

210 2107 349 2170 amabili
375 2106 569 2169 hominibus
598 2105 835 2187 adquiescens.
888 2105 1036 2169 Videtur
1061 2107 1157 2187 equi-

207 2207 288 2286 dem
319 2205 412 2286 quod
444 2205 474 2267 si
500 2205 604 2268 etiam
627 2203 784 2285 praedicti
811 2204 1000 2267 vicariatus
1030 2205 1160 2268 valeret

211 2303 359 2368 officium
383 2303 562 2383 assignari,
588 2302 701 2367 adhuc
726 2311 840 2366 tamen
866 2309 975 2378 tuum,
999 2304 1059 2385 qui
1088 2311 1159 2367 tam

212 2421 360 2483 magnus
378 2410 564 2482 tantusque
581 2420 643 2464 rex
659 2409 694 2465 et
708 2401 868 2483 princeps
891 2401 1026 2478 existis,
1045 2408 1158 2466 tanto·

214 2521 281 2583 que
298 2502 435 2564 nomine
455 2519 496 2564 ac
519 2500 623 2564 titulo
644 2500 740 2581 regio
762 2500 912 2563 existere
936 2501 1088 2564 nosceris
1109 2501 1160 2563 in·

214 2601 364 2682 signitus
393 2601 428 2662 in
464 2599 557 2676 orbe,
590 2618 660 2663 non
697 2599 833 2662 deceret
867 2598 1030 2662 bonorem
1068 2600 1160 2681 quod

213 2699 436 2764 nominareris
453 2697 604 2760 vicarius
619 2696 767 2781 alicujus
788 2697 918 2762 domini
941 2699 1139 2779 temporalis
1153 2718 1162 2776 ;

215 2804 346 2880 quanto
364 2797 477 2859 minus
499 2815 582 2876 ergo
607 2804 702 2858 tuam
726 2796 842 2860 decuit
858 2795 913 2859 vel
931 2796 1031 2860 decet
1047 2796 1163 2860 excel-

214 2897 355 2960 lentiam
372 2895 466 2957 illius
491 2894 656 2958 vicarium
678 2893 855 2975 appellari,
879 2895 939 2975 qui
958 2896 1164 2959 auctoritate

216 2994 325 3070 nulla,
344 2993 434 3056 sicut
459 2991 680 3073 saepedictum
705 2997 761 3054 est
782 2992 950 3072 superius
974 2994 1164 3074 praeminet,
1235 3002 1240 3018 ·

217 3093 289 3169 sed,
307 3089 525 3173 prohdolor!
554 3096 729 3154 tantorum
751 3090 871 3153 existit
890 3108 1067 3171 respersus
1086 3091 1164 3156 labe

217 3191 408 3266 criminum,
426 3197 566 3270 tamque
586 3189 750 3268 gravibus
776 3187 890 3268 poenis
913 3195 948 3252 et
972 3191 1164 3265 sententiis

218 3310 296 3352 cum
340 3289 497 3352 omnibus
539 3286 605 3349 sibi
653 3285 909 3350 adhaerentibus
955 3287 1162 3369 implicatus

219 3383 386 3462 Sciturus,
400 3387 450 3450 fili
468 3385 712 3460 amantissime,
727 3384 819 3466 quod
838 3385 868 3450 si
885 3387 1024 3450 monitis
1039 3389 1164 3451 nostris

218 3485 416 3570 hujusmodi
446 3483 658 3548 salutaribus
680 3483 897 3565 adquieveris
923 3503 1002 3547 cum
1030 3485 1163 3559 effectu,

220 3586 283 3648 tibi
315 3584 365 3648 sic
394 3584 542 3666 impulso
575 3589 613 3646 ut
639 3584 779 3648 caderes
816 3603 956 3648 manum
980 3584 1165 3666 benignam

219 3685 435 3765 porrigemus
463 3689 631 3764 quantum
654 3701 732 3745 cum
756 3682 833 3745 Deo
862 3683 1062 3764 poterimus,
1088 3686 1166 3747 sub·

219 3782 413 3860 levantem3
441 3781 528 3844 alias
549 3787 664 3844 autem
689 3799 757 3843 non
778 3782 967 3862 poterimus
989 3781 1167 3858 desistere,

220 3900 297 3945 cum
315 3881 350 3944 id
366 3900 387 3944 a
406 3879 505 3942 uobis
525 3879 644 3959 exigat
668 3877 815 3942 officium
840 3878 1041 3959 apostolicae
1060 3881 1168 3943 servi-

222 3981 318 4056 tutis,
346 3978 528 4061 quominus
560 3996 664 4058 super
690 3977 864 4058 praedictis
909 3977 1090 4058 providere
1128 3978 1170 4040 de

222 4077 425 4160 opportunis
449 4075 616 4150 remediis
640 4073 856 4156 procedendo
877 4082 998 4138 contra
1014 4083 1060 4152 te,
1076 4076 1169 4158 quod

223 4177 404 4240 molestum
444 4182 479 4237 et
516 4193 624 4254 grave
670 4173 768 4236 nobis
806 4173 871 4236 erit
914 4173 1109 4251 admodum,
1142 4175 1171 4237 si
