3130 4992
398 515 568 564 wantum
592 515 639 561 nn
663 515 945 564 nnuruonuncu.
1105 497 1148 564 13

197 670 411 750 direxerunt,
426 673 587 757 factaque
607 676 863 738 concertatione
881 674 1032 756 aliqua‘
1043 674 1126 757 per’
1135 671 1302 779 Ιξιιῐνῖιιιῃι2

199 771 399 852 sagittarios
429 782 566 839 nostros
605 775 665 857 qui
699 774 791 838 inter
825 781 1002 856 equestres
1038 773 1309 838 innixi-*-

200 879 301 935 erant
324 881 529 938 corruerunt
552 873 664 949 multi,
688 893 728 937 eo
750 872 844 955 quod
865 873 1017 938 animose
1043 881 1149 938 stete-

199 978 283 1034 runt
308 980 536 1055 expectantes
562 973 737 1036 dominum
760 992 881 1038 suum:
906 974 1046 1037 tandem
1066 993 1149 1038 vero

200 1079 380 1151 equestres
410 1073 521 1137 nostri
549 1072 775 1136 ascenderunt
802 1073 838 1136 in
866 1081 1018 1137 montem
1047 1092 1151 1155 super

203 1188 275 1246 eos,
288 1178 323 1234 et
337 1173 437 1235 caesis
454 1171 627 1254 aliquibus
643 1172 796 1253 reliquos
813 1173 848 1234 in
864 1171 1016 1236 velocem
1032 1171 1150 1253 lugam

201 1277 454 1335 converterunt.
508 1270 778 1335 Revertentibus
813 1291 896 1352 ergo
925 1271 1053 1335 nostris
1088 1273 1149 1335 ob-

202 1373 297 1433 tenta
323 1370 479 1447 victoria,
503 1370 688 1452 praedictus
715 1368 911 1453 Stephanus
932 1370 1086 1452 perrexit
1111 1379 1149 1434 ut

203 1469 334 1533 videret
350 1471 492 1551 quinam
511 1477 627 1533 essent
647 1469 697 1532 illi
718 1469 787 1532 duo
810 1488 897 1553 quos
921 1477 1149 1551 percusserat,

200 1575 235 1631 et
259 1569 335 1632 visa
360 1567 449 1633 facie
480 1567 616 1633 heulini
644 1575 680 1632 et
705 1569 856 1650 cognita,
881 1576 1150 1650 amputaverunt

202 1675 308 1749 caput
330 1687 453 1754 suurn,¹
469 1676 505 1732 et
525 1666 569 1731 ad
596 1687 713 1750 regem
738 1675 894 1732 nostrum
919 1687 997 1731 cum
1020 1668 1150 1750 gaudio

203 1766 412 1832 detulerunt.
467 1767 548 1830 Rex
578 1786 661 1831 vero
690 1765 775 1830 illud
807 1767 898 1831 mitti
926 1766 1032 1849 jussit
1057 1767 1150 1831 Lon-

203 1864 329 1943 doniis,
353 1873 388 1930 et
410 1865 461 1930 sic
485 1867 646 1949 apposita
660 1873 753 1930 serta
770 1873 936 1947 argentea
956 1866 992 1928 in
1014 1867 1152 1947 signum

205 1966 368 2047 principis
383 1985 445 2047 per
461 1966 610 2029 medium
626 1964 836 2046 Westchepe
852 1965 1043 2029 Londoniis
1059 1963 1152 2028 ‘in'q

205 2064 327 2128 lancea
343 2071 425 2147 ‘per
447 2074 639 2147 equestrem
662 2064 814 2128 delatum
836 2070 890 2127 est
919 2083 997 2126 cum
1024 2083 1152 2144 magno

205 2165 371 2228 comitatu
403 2163 528 2228 civium
560 2171 596 2228 et
622 2170 805 2246 apparatu,
836 2169 872 2225 et
898 2181 1002 2244 super
1030 2164 1153 2226 turrim

206 2263 379 2327 excelsam
393 2265 499 2327 turris
515 2264 619 2344 regiae
635 2262 775 2326 tandem
791 2281 868 2324 cum
884 2259 1036 2326 lancea'³
1052 2281 1152 2343 repo-

206 2363 310 2426 situm
324 2369 378 2426 est
395 2371 435 2427 ut
451 2382 471 2427 a
489 2363 748 2426 transeuntibus
763 2360 935 2424 universis
950 2359 1054 2442 longo
1066 2374 1152 2424 tem·

205 2481 289 2543 pore
303 2462 486 2527 videretur.
512 2462 558 2525 Et
568 2463 618 2525 sic
630 2461 855 2544 adimpletum
870 2467 924 2524 est
938 2460 1153 2542 sortilegium

206 2560 426 2637 diabolicum,
443 2563 480 2624 in
495 2581 564 2643 quo
580 2581 676 2645 spem
692 2566 856 2642 posuerat
873 2559 948 2642 ipse
967 2559 1151 2624 Leulinus:

206 2660 331 2723 dicitur
363 2661 453 2724 enim
485 2661 577 2742 quod
609 2680 687 2725 cum
716 2677 876 2741 guerram
906 2677 1044 2722 movere
1073 2679 1154 2740 pro·

207 2766 350 2840 poneret
372 2767 492 2824 contra
514 2778 628 2841 regem
652 2758 860 2840 Anglorum,
884 2758 1079 2823 sciscitatus
1102 2767 1155 2823 est

207 2876 229 2921 a
259 2859 409 2942 quadam
438 2859 604 2940 sortilega
632 2859 795 2940 quidnam
827 2857 978 2921 eveniret
1005 2857 1060 2921 eil
1106 2856 1156 2921 At

207 2957 278 3033 illa,
319 2959 479 3023 consulto
507 2956 660 3033 diabolo,
695 2956 874 3038 respondit
906 2958 937 3018 ei
970 2956 1062 3037 quod
1092 2975 1154 3019 au-

208 3056 326 3122 dacter
362 3057 578 3139 propositum
615 3056 844 3130 continuaret,
882 3061 918 3118 et
955 3056 1059 3118 sciret
1093 3075 1156 3137 pro

211 3165 306 3219 certo
329 3156 422 3236 quod
456 3175 518 3237 per
549 3155 699 3218 medium
724 3153 932 3235 Westchepe
968 3153 1156 3218 Londoniis

209 3261 395 3318 coronatus
417 3255 600 3337 equitaret.
653 3253 735 3335 lpse
756 3271 837 3316 vero
860 3255 904 3315 ob
927 3253 992 3316 hoc
1014 3252 1157 3316 credens

209 3371 247 3416 se
272 3352 427 3416 futurum
456 3372 573 3434 regem
596 3351 790 3434 Anglorum
812 3351 985 3433 inceptum
1008 3370 1158 3415 errorem

210 3452 423 3516 continuavit
453 3452 496 3516 ad
529 3460 685 3526 mortem,
717 3459 752 3515 et
779 3451 870 3534 quod
902 3451 1060 3515 diabolus
1090 3470 1158 3514 non

209 3550 453 3634 adimplevit
443 3571 477 3615 m
513 3552 598 3628 vita,
631 3551 846 3632 supplevit
837 3571 873 3614 m
904 3559 1024 3614 morte.
1078 3549 1197 3612 Βθιιι
1205 3567 1232 3607 n
1243 3569 1299 3607 ras.

209 3657 335 3727 autem,
352 3650 584 3733 praeconizata
604 3669 690 3732 pace
716 3669 792 3726 sua,
814 3650 967 3731 suscepit
997 3648 1159 3730 homagia
1170 3618 1278 3707 Ὗ
1272 3668 1309 3707 ι

209 3757 243 3812 et
265 3750 447 3814 fidelitates
463 3758 665 3832 magnatum
677 3747 815 3814 Walliae
831 3757 866 3813 et
889 3747 1021 3811 firmam
1039 3766 1208 3831 pacem
1171 3717 1296 3866 ἷῗιξῖιίιὲἳῗῖ

207 3850 331 3912 statuit
352 3869 413 3932 per
435 3857 546 3913 totam
570 3847 749 3925 walliam,
772 3847 1017 3929 ordinavitque
1046 3855 1159 3910 certos

207 3947 363 4012 homines
380 3948 550 4030 Anglicos
568 3955 604 4011 et
621 3946 819 4012 Wallenses
835 3947 895 4028 qui
911 3965 1158 4028 persequeren-

729 4144 739 4174 ²
757 4147 800 4195 ‘et
812 4147 855 4205 in‚’
865 4146 941 4195 MSS.
949 4145 1014 4195 0011.
1027 4145 1098 4197 Arm.
1109 4148 1160 4196 and

696 4217 765 4266 Cott.
776 4216 834 4264 Tib.

731 4283 741 4313 ⁸
759 4284 874 4335 Omitted
885 4286 911 4333 in
924 4285 979 4336 MS.
990 4284 1055 4337 Goll.
1068 4286 1140 4337 Arm,

242 4180 249 4212 ¹
269 4182 312 4231 ‘et
329 4183 393 4244 per‚’
415 4184 491 4234 MSS.
513 4182 578 4232 Coll.
598 4181 670 4231 Arm.

205 4253 256 4301 and
268 4253 334 4302 cort.
347 4253 405 4304 Tib.
