3138 4988
487 462 657 509 winrnni
682 463 728 509 on
754 463 1035 510 unuinnuuncu.
1163 448 1230 512 293

278 620 406 682 mensis
430 619 603 683 Octobris.
659 619 701 683 In
725 639 794 702 quo
818 621 955 703 quidem
988 621 1133 685 concilio
1158 630 1227 686 tres
1250 636 1380 723 udwardlu-

277 717 360 782 lecit
381 719 564 782 sessiones.
618 719 660 782 In
673 720 781 801 prima
795 721 948 784 sessione
962 720 1054 784 sacto
1069 741 1226 784 sermone
1248 688 1307 726 nn.
1321 688 1343 725 ¹³
1360 689 1376 724 ¹'

278 818 441 899 exposuit
457 819 550 882 clero
564 818 686 882 ‘tres'¹
699 820 878 897 articuloS,
895 839 998 902 super
1010 820 1136 902 quibus
1150 829 1226 886 erat

277 917 518 999 principaliter
542 920 761 983 tractandum
785 926 821 982 et
843 920 1090 984 consulendum
1118 940 1225 1002 super

277 1023 373 1081 statu
410 1018 617 1082 universalis
656 1019 810 1083 ecclesiae
850 1018 1081 1097 reformando,
1118 1039 1224 1102 super

279 1117 417 1197 negotio
435 1116 553 1181 Terrae
571 1117 722 1195 Sanctae,
743 1119 915 1200 quomodo
939 1127 1059 1200 posset
1081 1138 1224 1201 recupe-

278 1217 347 1279 rari
366 1223 400 1279 et
423 1218 524 1295 tueri,
542 1224 577 1281 et
593 1235 697 1298 super
720 1217 839 1281 ordine
855 1218 1133 1300 Templariorum
1163 1221 1222 1301 qui

277 1335 340 1397 pro
356 1316 452 1380 nullo
475 1317 679 1394 habebatur,
695 1317 929 1399 praecepitque
953 1318 1109 1381 omnibus
1133 1337 1222 1399 prae-

277 1415 358 1480 latis
391 1423 426 1480 et
455 1417 601 1498 singulis
631 1417 690 1498 qui
722 1423 967 1493 convenerant,
995 1417 1089 1498 quod
1119 1435 1224 1499 super

278 1516 466 1597 praemissis
476 1514 632 1580 articulis
643 1535 753 1598 usque
766 1516 809 1579 ad
828 1516 1013 1580 secundam
1031 1515 1220 1580 sessionem

278 1614 518 1680 deliberarent.
587 1613 631 1680 In
672 1616 825 1680 secunda
857 1617 1010 1680 sessione
1045 1616 1138 1680 sacta
1168 1623 1222 1679 est
1247 1649 1376 1691 mm,

278 1713 383 1796 longa
400 1715 590 1797 disputatio
609 1715 651 1778 de
667 1716 785 1780 ordine
801 1714 1089 1797 Templariorum,
1104 1723 1221 1778 utrum

278 1821 372 1876 stare
407 1821 526 1896 posset
551 1814 608 1878 vel
637 1814 743 1877 deleri
776 1814 819 1877 de
847 1814 927 1897 jure
959 1814 1122 1878 deberetl
1175 1815 1222 1879 Et

279 1920 377 1976 erant
407 1933 470 1996 pro
506 1914 623 1977 ordine
652 1913 928 1995 Templariorum
956 1914 1093 1995 praelati
1123 1915 1222 1994 quasi

279 2032 409 2090 omnes
433 2020 560 2096 praeter
588 2013 753 2094 praelatos
784 2012 952 2090 Franciae,
980 2014 1052 2094 qui,
1081 2021 1222 2095 propter

277 2114 433 2176 timorem
451 2114 542 2194 regis
560 2113 727 2187 Francius,
746 2131 809 2195 per
833 2131 947 2192 quem,
963 2119 1002 2175 ut
1026 2111 1216 2189 dicebatur,

225 2207 227 2212 ’
279 2218 389 2275 totum
416 2212 500 2276 illud
524 2212 726 2276 scandalum
751 2211 875 2287 luerat,
900 2211 1129 2276 aliudsacere
1152 2231 1221 2275 nou

278 2311 464 2376 audebant.
518 2313 626 2375 Erant
654 2311 743 2374 enim
772 2312 807 2373 in
837 2319 911 2375 toto
938 2311 1083 2374 concilio
1110 2310 1220 2396 (quod

277 2412 460 2475 concilium
490 2413 557 2475 dici
584 2432 653 2474 non
683 2413 890 2487 merebatur,
917 2411 999 2492 quia
1031 2430 1077 2474 ex
1107 2412 1221 2492 capite

277 2513 417 2593 proprio
436 2513 552 2575 omnia
576 2511 658 2575 fecit
680 2509 838 2574 dominus
865 2529 969 2592 papa,
986 2530 1052 2573 non
1078 2529 1220 2592 respon·

276 2612 381 2674 dente
403 2632 515 2693 neque
539 2610 774 2674 consentiente
801 2629 901 2673 sacro
924 2604 1083 2694 concilio)
1108 2610 1221 2673 baculi

278 2711 470 2791 pastorales
480 2711 615 2774 circiter
627 2710 727 2792 quasi
737 2709 1030 2789 centumtriginta.
1065 2709 1223 2773 lutertia

278 2811 431 2873 sessione
449 2810 537 2873 sedit
552 2809 712 2872 dominus
734 2828 827 2890 papa
844 2828 907 2889 pro
926 2807 1102 2884 tribunali,
1119 2818 1154 2872 et
1177 2811 1221 2872 ab
1258 2845 1262 2856 ·

279 2929 348 2972 uuo
364 2910 473 2972 latore
492 2927 556 2971 rex
576 2909 746 2984 Franciae,
762 2908 806 2970 ab
825 2908 934 2970 altero
952 2926 1012 2970 rex
1034 2908 1067 2970 N
1072 2910 1221 2972 averniae

277 3007 367 3070 filius
393 3007 481 3090 ejuS,
511 3009 731 3088 surrexitque
762 3006 900 3086 quidam
935 3006 1091 3081 clericus
1114 3016 1148 3071 et
1168 3009 1220 3069 in·
1244 3047 1246 3051 ,

276 3107 386 3171 hibuit
427 3110 492 3171 sub
528 3127 633 3188 poena
667 3105 1031 3168 excommunicationis
1068 3107 1221 3189 majoris,

275 3226 317 3270 ne
348 3208 474 3288 aliquis
503 3207 702 3288 loqueretur
731 3206 873 3267 verbum
898 3205 933 3266 in
962 3204 1119 3281 concilio,
1154 3206 1220 3268 nisi

277 3307 472 3370 licentiatus
502 3306 556 3368 vel
584 3304 771 3386 requisitus
794 3323 815 3366 a
836 3322 936 3385 papa.
991 3303 1384 3387 Recitatoqueffifflefof

274 3424 439 3487 processu
462 3405 750 3487 Templariorum,
766 3403 894 3486 adjecit
915 3422 1007 3485 papa
1018 3404 1116 3486 ¹quod
1139 3405 1219 3468 licet
1233 3391 1342 3488 ξέζξζὶξῗ.

275 3525 318 3567 ex
347 3525 508 3588 processu
537 3505 728 3586 praehabito
756 3505 869 3584 ipsum
896 3502 1050 3565 ordinem
1077 3503 1119 3566 de
1141 3504 1220 3586 jure
1233 3491 1349 3530 ’ΝΜ

276 3605 389 3668 delere
406 3625 474 3668 non
498 3613 627 3687 posset,
652 3614 766 3667 tamen
790 3622 833 3665 ex
862 3602 1073 3684 plenitudine
1103 3612 1219 3685 potes·

276 3706 358 3767 tatis
377 3706 528 3769 ordinem
556 3705 697 3780 delevit,
716 3723 840 3766 nornen
861 3710 897 3765 et
922 3702 1090 3778 habitum,
1111 3713 1221 3768 terras

273 3824 391 3867 eorum
407 3813 442 3868 et
468 3805 702 3886 possessiones
722 3801 973 3884 Hospitalariis
998 3802 1219 3874 conserendo,

273 3905 508 3985 aggregando,
521 3911 556 3966 et
572 3903 730 3966 uniendo.
769 3902 948 3965 Decimam
965 3901 1069 3963 etiam
1083 3901 1220 3964 univer·

273 4006 357 4067 salis
384 4003 541 4066 ecclesiae
563 4023 625 4084 per
661 4020 724 4064 sex
759 4019 868 4063 annos
898 3999 971 4078 regi
1006 3998 1220 4062 Francorum

492 4209 499 4238 ¹
517 4207 638 4275 ‘omnem’
647 4211 702 4262 MS.
715 4211 746 4261 C.
759 4211 790 4261 G.
802 4211 832 4261 (J.
844 4210 918 4260 Cant.
933 4213 990 4259 loo.
