3166 4992
431 457 496 522 178
795 473 1004 520 cusoruoou

281 645 405 736 5⁶3⁸?ng
430 635 581 698 venisset
595 634 632 698 in
645 653 742 698 mora
755 635 843 697 citra
862 632 1069 708 Linliscoch‚
1087 638 1379 713 pernoctaverunt

268 722 568 818 {nm-'ibidem
595 740 630 797 et
658 734 918 816 requiescebant
938 733 972 796 in
999 739 1103 808 terra,
1135 739 1378 813 componentes

271 828 366 868 mm·
431 841 531 897 scuta
556 853 619 916 pro
642 833 869 897 cervicalibus
891 840 926 896 et
949 851 1012 915 pro
1041 831 1247 895 lectualibus
1270 850 1377 894 arma.

432 933 523 1015 Equi
554 935 659 996 etiam
688 932 743 995 sui
772 951 841 994 non
870 932 1060 1012 gustabant
1091 931 1275 1012 quicquam
1312 929 1379 991 nisi

431 1033 559 1095 serrum
586 1033 721 1107 durum,
745 1031 1020 1112 tenebanturque
1041 1029 1168 1111 singuli
1188 1028 1297 1112 juxta
1318 1029 1378 1090 do-

432 1131 542 1196 minos
559 1128 705 1195 ‘su0s.’¹
742 1130 905 1211 Dumque
922 1135 1130 1210 pausassent
1145 1129 1328 1204 modicum,
1342 1135 1376 1191 et

374 1263 375 1266 π
432 1250 503 1293 nox
532 1231 633 1313 quasi
664 1231 700 1292 in
730 1249 794 1294 suo
824 1229 937 1292 medio
965 1229 1202 1310 processisset,
1230 1226 1377 1306 contigit

432 1329 523 1412 quod
550 1329 751 1404 dextrarius
769 1329 861 1410 regis
883 1326 1055 1394 incautius
1080 1346 1101 1391 a
1127 1344 1237 1408 parvo
1263 1333 1379 1389 custo-

431 1428 536 1504 ditus,
565 1427 812 1492 recalcitrando
837 1428 958 1509 pedem
989 1427 1105 1508 posuit
1132 1445 1236 1508 super
1263 1425 1377 1507 ipsum

431 1525 814 1610 regemquiescentem.2
845 1526 892 1590 Et
904 1526 1022 1589 audito
1032 1525 1109 1602 hoc,
1119 1543 1234 1606 regem
1245 1524 1378 1588 scilicet

431 1645 506 1690 esse
532 1626 666 1704 laesum,
692 1627 808 1690 statim
836 1625 991 1689 ascendit
1015 1624 1146 1689 clamor
1174 1623 1376 1688 seditionem

430 1725 515 1802 lieri,
530 1733 567 1791 et
588 1726 705 1790 hostes
729 1745 804 1789 esse
820 1731 961 1807 paratos
978 1724 1022 1787 ad
1038 1723 1233 1787 irruendum
1249 1723 1285 1786 in
1302 1739 1374 1786 eos.

430 1824 501 1903 Qui
515 1826 678 1889 continuo
692 1831 903 1906 paraverunt
917 1842 966 1900 se,
982 1830 1018 1887 et
1031 1822 1074 1886 ad
1089 1821 1375 1904 congrediendum

338 1923 340 1927 ⁴
428 1923 571 1988 animati
587 1932 680 1988 sunt.
733 1924 882 2005 Cognita
897 1931 1012 1986 tamen
1028 1922 1077 1985 rei
1091 1923 1190 1998 serie,
1209 1929 1242 1985 et
1259 1941 1374 2002 regem

427 2023 597 2086 modicum
618 2043 694 2087 esse
718 2023 850 2098 laesum,
875 2023 1170 2104 compatiebantur
1197 2022 1242 2097 ei,
1265 2037 1300 2084 et
1322 2041 1374 2089 ro·

427 2123 559 2204 quievit
586 2124 729 2204 spiritus
758 2142 888 2186 eorum.
945 2121 1139 2203 Statimque
1167 2120 1373 2184 ascendente

426 2241 519 2302 rege,
537 2221 683 2303 profecti
708 2229 791 2285 sunt
813 2228 848 2285 et
872 2221 1083 2298 transierunt
1099 2219 1215 2283 villam
1230 2219 1273 2284 de
1289 2219 1371 2285 Lio·
1420 2206 1424 2212 ¹

426 2320 554 2384 liscoch
570 2322 605 2384 in
621 2339 748 2384 aurora
762 2320 840 2384 diei.
879 2318 1037 2401 Cumque
1052 2320 1226 2382 levassent
1241 2318 1371 2395 oculos,

426 2426 461 2482 et
484 2419 519 2481 in
546 2420 743 2500 oppositum
765 2425 916 2482 montem
942 2419 1184 2500 respexissent,
1213 2417 1372 2482 viderunt

426 2517 461 2579 in
478 2517 661 2599 supercilio
681 2518 808 2581 montis
831 2518 1022 2581 lancearios
1043 2516 1183 2581 multos.
1236 2513 1282 2580 Et
1298 2537 1372 2580 cre·

426 2617 546 2680 dentes
582 2617 630 2680 ibi
669 2635 745 2680 esse
776 2617 957 2681 Scotorum
991 2617 1192 2692 exercitum,
1228 2616 1371 2680 festina·

426 2723 551 2779 verunt
578 2717 762 2780 ascendere
792 2735 853 2797 per
879 2723 1011 2780 turmas
1042 2735 1137 2792 suas,
1165 2715 1226 2779 sed
1257 2723 1371 2779 tamen

424 2815 549 2878 ibidem
585 2813 762 2879 venientes
790 2816 959 2879 neminem
997 2815 1212 2879 invenerunt.
1266 2815 1369 2882 Fixa-

425 2921 575 2997 runtque
611 2915 796 2982 tentorium
837 2915 896 2990 ibi,
938 2921 974 2978 et
1009 2914 1192 2977 audierunt
1231 2915 1370 2977 missam

260 3023 365 3074 muna
426 3013 646 3094 Magdalenae
670 3034 733 3077 rex
761 3021 796 3077 et
821 3014 1014 3096 episcopus,
1037 3020 1112 3076 erat
1134 3013 1222 3076 euim
1244 3012 1369 3076 festum

261 3074 312 3123 Μ’
322 3077 355 3114 ²²
424 3114 577 3196 ejusdem
606 3112 684 3176 diei.
737 3113 899 3194 Dumque
925 3117 1146 3175 sacrosancta
1171 3111 1293 3176 fierent
1315 3111 1369 3176 so'·
1460 3174 1462 3178 ,

422 3213 561 3287 lemnia,
579 3221 613 3276 et
630 3220 748 3276 mutuo
774 3231 812 3274 se
836 3231 1045 3293 cognoscere
1059 3218 1202 3292 possent
1216 3211 1369 3274 homines

422 3331 466 3374 ex
487 3312 581 3374 clara
605 3311 694 3388 luce,
716 3311 874 3374 viderunt
900 3311 1010 3374 nostri
1038 3309 1161 3374 Scotos
1186 3329 1208 3373 a
1230 3311 1370 3374 remotis

422 3409 512 3472 bella
547 3417 755 3484 construere,
791 3417 827 3473 et
866 3409 1024 3474 ordinare
1057 3427 1094 3472 se
1125 3409 1169 3472 ad
1205 3429 1367 3491 pugnam.

421 3507 624 3571 Statuerunt
644 3509 733 3570 enim
755 3507 849 3572 Scnti
872 3526 1004 3570 omnem
1032 3507 1165 3589 plebem
1187 3526 1286 3572 suam
1309 3527 1370 3589 per

420 3611 551 3668 turmas
581 3613 741 3688 quatuor,
770 3606 805 3668 in
838 3606 978 3671 modum
1010 3607 1216 3670 circulorum
1249 3614 1368 3671 rotun-

419 3705 554 3781 dorum,
585 3706 620 3768 in
656 3723 779 3786 campo
816 3705 914 3782 duro,
948 3713 984 3770 et
1019 3706 1055 3768 in
1091 3707 1219 3770 ‘latere
1254 3703 1368 3769 un0'³

453 3935 460 3966 ¹
479 3938 629 4002 ‘singulog'
639 3939 716 3990 MSS.
725 3939 819 3990 Lansd.
829 3942 879 3990 and
904 3941 973 4003 dent,
992 3940 1043 3988 and
1062 3940 1116 3989 that
1135 3945 1186 3988 two
1205 3941 1235 3990 os
1253 3941 1293 3990 his
1314 3941 1367 3989 ribs

416 4008 572 4070 Cott.vesp.
903 4025 971 4060 were
997 4010 1150 4059 fractured„
1183 4010 1368 4073 Welsingham,

449 4075 460 4103 ²
476 4078 557 4127 Other
573 4078 709 4129 historiens
729 4080 808 4128 relate
824 4078 880 4128 that
903 4083 950 4140 ⁷⁵3
970 4081 1033 4128 Nic.
1043 4079 1139 4141 Trivet,
1151 4083 1208 4128 372.

415 4146 486 4209 King
500 4148 613 4196 Edward
624 4163 680 4196 was
696 4150 723 4196 in
740 4149 782 4196 the
800 4149 882 4196 actos
938 4147 948 4177 ³
965 4149 1059 4198 ‘latere
1077 4163 1129 4196 uno
1146 4149 1281 4209 cujusdam
1298 4164 1369 4197 mon·

414 4217 544 4278 mouuting
554 4221 581 4265 at
591 4217 633 4265 the
644 4218 705 4267 time
713 4218 742 4266 of
750 4219 801 4268 this
809 4219 877 4267 acci·
901 4218 1008 4282 tiscilii,’
1020 4218 1077 4268 MS.
1091 4217 1157 4268 0011.
1168 4218 1238 4268 Tria.
