3144 4990
254 670 346 716 Μηνᾶ
361 671 405 713 111.

267 724 295 766 Δ.
302 726 328 764 D.
340 725 397 764 1³41.

255 809 302 848 'rba
311 807 378 848 Arch-

256 858 332 906 uubop
342 857 367 896 oi

256 905 409 954 caumbury’s

256 957 320 996 letter
327 961 350 995 to
358 956 396 994 the

259 1007 318 1054 ung
326 1005 368 1045 aud

257 1056 353 1096 coumll.

416 473 483 545 8'70
788 487 1000 546 canonicos

417 657 454 720 in
486 655 632 722 ecclesia
663 662 782 720 nostra
811 655 1013 720 cantuariae
1044 655 1308 738 publicavimus,
1340 661 1377 719 et

419 775 481 839 per
509 769 628 819 omnes
653 755 778 820 iratres
805 762 943 819 nostros
970 762 1005 819 et
1032 746 1270 836 suffraganeos
1291 775 1375 836 pro·

420 855 542 920 vinciae
586 863 715 919 nostrae
757 854 956 919 Cantuariae
1001 854 1145 918 fecimus
1191 854 1374 935 publicaria

422 955 510 1020 Post
532 955 632 1037 cujus
650 954 818 1036 siquidem
834 953 1013 1018 sententiae
1030 952 1311 1034 publicationem,
1333 961 1375 1016 ut

421 1054 656 1138 praemittitur,
687 1053 829 1130 factam,
852 1053 947 1134 capti
977 1059 1058 1116 sunt
1087 1058 1124 1114 et
1155 1052 1189 1114 in
1221 1051 1374 1115 castellis

421 1153 567 1216 dirersis
581 1157 617 1216 et
638 1152 723 1216 locis
742 1151 819 1216 aliis
836 1150 973 1231 Angliee
990 1150 1197 1214 incarceret
1212 1151 1308 1213 missi
1332 1169 1374 1213 ac

421 1252 529 1316 invite
544 1251 686 1327 detenti,
699 1251 723 1315 J
726 1251 877 1314 ohannes
890 1249 932 1312 de
942 1249 1070 1313 Sancto
1080 1249 1205 1324 Paulo,
1221 1248 1375 1312 Michael

422 1350 466 1414 de
477 1350 598 1425 Watb,
613 1350 788 1413 Robertus
802 1349 846 1412 de
864 1345 1117 1423 ‘Gbiokwell,'¹
1133 1347 1312 1411 lohannes
1330 1347 1375 1410 de

423 1448 555 1529 Ther-p,
568 1455 604 1512 et
628 1448 801 1511 Henricus
818 1448 862 1511 de
883 1447 1067 1523 Stratiord,
1083 1447 1119 1508 in
1134 1446 1375 1528 praejudicium

424 1547 493 1610 Dei
506 1553 542 1610 et
557 1555 688 1610 sancta
710 1546 877 1623 ecclesian,
892 1552 927 1609 et
950 1553 1073 1610 contra
1095 1545 1191 1625 leges
1209 1563 1250 1608 ac
1275 1545 1375 1610 cle'ri-

423 1664 543 1710 corum
560 1645 743 1727 privilegia
757 1645 923 1721 omnium,
941 1664 1075 1709 necnon
1091 1645 1284 1707 'animarum
1295 1644 1375 1708 illo-

423 1761 499 1808 rum
526 1745 563 1807 in
590 1743 781 1826 perieulum
795 1745 856 1826 qui
873 1743 959 1808 talia
985 1743 1241 1819 commiserunt,
1263 1743 1376 1806 consi·
1421 1773 1427 1783 ·

424 1843 508 1906 bum
525 1843 692 1907 dederunt
709 1849 745 1906 et
760 1857 951 1906 assensum.
1003 1841 1122 1920 Quare
1142 1832 1281 1905 domino
1295 1861 1376 1906 nos·

425 1949 482 2006 tro
504 1943 578 2023 regi
600 1944 660 2024 qui
676 1943 854 2005 libertates
879 1948 1010 2004 sanetae
1033 1940 1199 2016 ecelesiae,
1215 1947 1320 2022 prout
1341 1941 1377 2003 in

425 2041 561 2104 actibus
582 2042 657 2104 suis
683 2041 854 2105 Dominus
885 2040 982 2103 Deus
1009 2040 1221 2121 temporibus
1248 2040 1377 2120 elapsis

425 2139 572 2204 feliciter
588 2140 804 2215 monstravit,
821 2140 1021 2220 clarumque
1043 2138 1174 2215 iecerit,
1190 2145 1225 2200 et
1235 2139 1318 2221 jura
1334 2153 1378 2202 ac

426 2238 610 2320 privilegia
635 2243 771 2320 semper
787 2254 992 2302 conservare
1008 2238 1144 2300 curavit
1164 2237 1300 2300 illibata
1317 2255 1376 2300 ex—

427 2356 579 2413 oramus,
595 2348 766 2419 quatenus
789 2337 961 2402 dictorum
986 2336 1188 2400 clericorum
1205 2342 1241 2399 et
1257 2337 1376 2417 singu-

428 2435 539 2498 lorum
563 2443 685 2500 contra
712 2435 854 2500 cartam
884 2435 1064 2516 Magnam,
1089 2434 1185 2515 leges
1211 2438 1312 2498 terrae
1335 2451 1376 2498 ac

429 2534 694 2597 consuetudines
717 2534 948 2610 detentorum,
966 2535 1175 2616 ereptionem
1194 2551 1216 2596 a
1240 2553 1377 2597 carcere

427 2631 501 2693 sive
532 2631 813 2696 deliberationem
840 2632 1065 2696 dominationi
1090 2648 1163 2696 suae
1190 2633 1378 2714 praecipere

428 2728 565 2810 placeat
578 2730 730 2794 indilate.
784 2730 964 2811 Rogamus
981 2733 1124 2813 insuper
1145 2740 1180 2795 et
1199 2730 1379 2794 hortamur

427 2827 464 2888 in
479 2827 632 2892 Domino
648 2846 766 2893 omnes
782 2821 996 2893 consiliarios
1009 2829 1087 2893 illos
1104 2831 1164 2912 qui
1181 2828 1268 2892 talia
1282 2849 1378 2892 com-

428 2927 586 2990 mittendi
603 2927 783 2992 consilium
802 2929 940 2992 domine
956 2929 1031 3009 regi
1045 2929 1130 2991 dare
1151 2942 1378 3010 praesumpsec

428 3033 522 3104 runt,
541 3025 782 3093 deliberationi
809 3028 1027 3090 detentorum
1048 3025 1205 3108 praefatae
1230 3027 1380 3090 nullate-

429 3143 494 3187 nus
527 3126 690 3190 obviare:
733 3125 951 3190 dissimulare
985 3126 1076 3188 euim
1107 3139 1175 3190 non
1206 3126 1377 3202 valemuS,

428 3224 513 3304 quin
537 3243 683 3307 eaquae
705 3227 806 3288 nobis
830 3226 1033 3288 incumbunt
1057 3225 1227 3289 'iaciamus
1253 3226 1290 3287 in
1312 3225 1380 3287 bae

428 3329 538 3403 parte.
593 3324 683 3387 item
708 3323 800 3406 quod
834 3340 1002 3405 personae,
1030 3324 1122 3400 laici,
1153 3323 1380 3406 hominesque

427 3419 540 3496 liberi,
567 3430 688 3486 contra
715 3422 883 3502 Magnam
910 3423 1063 3498 cartam,
1088 3423 1183 3504 leges
1209 3439 1250 3486 ae
1274 3430 1379 3486 terrae

428 3520 695 3582 eonsuetudines
711 3523 816 3602 capti,
833 3521 1013 3602 adhucque
1029 3521 1065 3584 in
1080 3533 1219 3585 carcere
1234 3521 1381 3598 detenti,

429 3614 613 3697 ejiciantur
635 3617 809 3700 libereque
829 3621 924 3684 ubire
947 3621 1211 3701 permittantur:
1235 3620 1383 3700 praedica

427 3719 536 3794 taque
553 3723 588 3778 et
609 3715 678 3780 alia
703 3719 891 3782 'secundnm
916 3717 1063 3782 formam
1090 3720 1126 3781 in
1149 3717 1245 3782 bulla
1269 3718 1380 3780 inno⁴

425 3813 534 3876 centii
559 3815 674 3896 quarti
695 3823 904 3894 contentam,
920 3834 982 3900 per
996 3827 1099 3900 quam
1113 3831 1236 3881 omnes
1254 3824 1382 3880 contra

431 3910 597 3994 Magnam
622 3913 764 3978 Castam
782 3918 899 3980 venire
922 3923 1171 3998 praesumentes
1198 3930 1261 3979 seu
1282 3915 1381 3978 illam

428 4008 598 4076 violantes
628 4015 835 4078 sententiam
868 4015 1236 4079 excommunicationis
1264 4015 1380 4076 incur*

695 4229 703 4258 ¹
720 4231 1126 4294 ‘cugwe110‚·usuan.aaa.
