3138 4988
399 449 467 514 344
523 527 526 532 ,
756 467 967 518 orraomoon

239 638 331 696 rim
346 624 515 696 n1.saciet
578 621 623 687 Et
655 623 720 688 hoo
748 644 844 706 ergo,
870 625 974 708 jussu
1003 624 1148 690 domini*
1165 627 1233 690 mei
1263 629 1357 710 regis

243 707 387 772 Q
404 720 554 805 Angliae,
586 722 629 786 de
671 743 841 788 consensu
886 724 1016 788 domini
1059 726 1269 790 marchionis
1311 729 1355 792 de

404 821 662 904 Brendebregh,
691 823 790 886 ducis
832 824 874 886 de
913 822 1032 900 Geire,
1072 824 1280 889 marchionis
1311 827 1355 891 de

403 922 427 986 J
430 922 535 999 ulers,
548 921 677 986 domini
688 921 712 985 J
714 921 859 986 ohannis
876 921 919 986 de
938 921 1141 1000 Baunonia,
1157 932 1193 989 et
1208 924 1353 988 aliorum

403 1020 587 1098 nobilium,
606 1037 683 1084 cnm
709 1021 822 1085 verbis
842 1020 980 1086 decrevi
1004 1022 1167 1087 nunciare
1191 1023 1273 1088 dum
1294 1043 1355 1106 pe-

404 1137 467 1185 nes
485 1139 547 1185 ros
564 1128 599 1184 et
612 1128 793 1202 magnates
809 1120 851 1184 de
865 1121 980 1202 patria
994 1129 1112 1185 vestra
1122 1123 1353 1203 cognitionem

404 1237 474 1283 non
488 1219 657 1298 habeant;
683 1228 718 1282 et
743 1219 832 1282 scire
855 1238 918 1284 vos
935 1219 1026 1284 facio
1044 1220 1136 1302 quod
1151 1221 1182 1284 si
1197 1240 1241 1284 ex
1257 1230 1355 1302 parte

404 1319 636 1393 vestra,siout
652 1336 714 1399 per
732 1317 849 1382 literas
866 1327 1000 1382 vestras
1023 1337 1191 1403 apparere
1207 1319 1356 1397 videtur,

404 1417 531 1480 benum
549 1416 732 1493 affectatis,
749 1417 785 1479 in
807 1415 973 1498 petitione
989 1427 1106 1482 vestra
1125 1418 1268 1482 deficere
1285 1439 1355 1483 non

404 1516 559 1598 potestis.
597 1516 768 1580 Dominus
790 1525 907 1580 noster
920 1535 984 1580 vos
997 1518 1170 1582 custodire
1184 1517 1357 1598 dignetnrt

266 1661 293 1689 0„
406 1614 578 1696 Scriptum
593 1612 698 1696 juxta
714 1613 811 1697 Orny
830 1614 947 1681 Sancti
964 1615 1154 1694 Benedicti,
1171 1633 1278 1680 xvrn.
1300 1617 1356 1681 die

407 1713 580 1778 Octobris.

451 1812 569 1876 Litora
605 1812 697 1894 regis
731 1811 884 1877 Boemiae
917 1820 952 1878 et
991 1812 1087 1877 ducis
1122 1813 1357 1896 Lothoringiae

405 1911 543 1977 domino
559 1909 705 1993 Hugoni
720 1911 762 1974 de
774 1909 930 1990 Genese,
942 1913 1144 1978 transmissa
1156 1915 1192 1977 in
1208 1911 1357 1993 Gallico,

406 2011 486 2075 talis
502 2018 587 2074 erat.

244 2147 393 2188 mmm,
450 2110 474 2174 J
476 2110 641 2187 ohannes,
664 2107 732 2174 Dei
745 2109 872 2191 gratia,
884 2128 945 2173 rex
961 2110 1113 2174 Boemiae
1128 2118 1163 2174 et
1181 2129 1295 2175 comes
1313 2112 1356 2175 de

243 2197 353 2288 {3353ss
408 2208 670 2289 Lucenburghe,
696 2215 732 2272 et
762 2207 946 2285 Radnisos,
976 2209 1094 2272 eadem
1127 2210 1252 2290 gratia,
1282 2210 1356 2274 dux

408 2307 794 2388 Lothoringiae,dilecto
808 2309 1064 2388 consanguineo
1081 2316 1199 2372 nostro
1217 2309 1357 2374 domino
1407 2389 1409 2397 Ι

407 2407 551 2489 Hugoni
566 2408 608 2471 de
618 2405 772 2483 Geneve,
791 2407 929 2470 domino
946 2406 990 2470 de
1000 2407 1127 2471 Vorrai
1143 2414 1178 2470 et
1195 2407 1354 2486 Anchon,

405 2501 563 2571 salntem.
611 2504 700 2582 Quae
710 2501 799 2568 enim
810 2505 1064 2570 balistariorum
1073 2507 1239 2587 magistro
1249 2507 1356 2571 domi-

406 2606 440 2667 ni
464 2605 573 2668 nostri
596 2605 688 2684 regis
707 2604 864 2668 Franciae
877 2605 1026 2670 scribere
1044 2605 1203 2682 curastis,
1219 2607 1357 2688 inspexa

405 2705 516 2778 imus3
545 2710 581 2766 et
598 2721 660 2766 vos
678 2704 766 2766 seire
784 2703 930 2767 facimus
950 2703 1042 2786 qnod
1064 2703 1221 2768 dominus
1241 2711 1358 2769 noster

406 2823 467 2866 rex
486 2802 644 2866 Franciae
660 2821 875 2884 quaecunque
892 2802 1080 2885 praedictus
1097 2804 1261 2885 magister
1281 2806 1356 2886 regi

407 2900 547 2984 Angliae
568 2901 757 2984 scripserit,
779 2902 854 2966 sine
880 2901 1046 2967 dilatione
1067 2923 1136 2966 non
1159 2903 1354 2967 ‘desinet'¹

407 3002 607 3086 adimplere,
623 3011 657 3065 et
681 3001 745 3065 hoc
762 3001 859 3065 vobis
877 3001 1103 3066 testificamur
1117 3021 1180 3084 pro
1198 3004 1354 3068 veritate

408 3101 466 3166 lta
483 3109 599 3166 tamen
615 3100 707 3184 quod
727 3101 804 3164 loco
826 3099 1006 3164 sufficienti
1031 3101 1104 3178 fiat,
1122 3109 1157 3165 et
1179 3101 1270 3184 quod
1293 3121 1356 3165 rex

406 3202 547 3282 Angliae
562 3201 612 3266 sic
638 3201 730 3264 lento
749 3200 924 3284 procedat,
943 3201 1034 3281 quod
1057 3199 1216 3264 dominus
1241 3207 1359 3266 noster

406 3318 468 3364 rex
491 3300 647 3366 Franciae
666 3300 779 3382 ipsum
805 3299 904 3381 sequi
925 3299 1061 3376 valeat*
1078 3307 1113 3363 ot
1139 3300 1230 3378 siout
1253 3300 1357 3364 talem

406 3399 609 3478 exercitum,
642 3400 691 3462 sic
731 3399 823 3479 regis
860 3392 1018 3462 Franciae
1051 3407 1087 3462 et
1115 3397 1254 3480 Anglioe
1284 3399 1357 3462 fore

406 3506 608 3574 noscuntur,
625 3498 810 3579 procedere
828 3496 937 3561 decet.
990 3497 1037 3560 Et
1056 3497 1175 3561 sciatis
1193 3496 1286 3579 quod
1303 3498 1358 3561 die

407 3597 572 3660 Mercurii
598 3594 756 3678 proximo
784 3595 901 3659 futura
923 3615 1043 3660 versus
1066 3597 1258 3661 exercitum
1284 3595 1359 3660 An·

406 3696 486 3776 gliae
503 3695 576 3758 sine
591 3694 756 3759 dilatione
771 3713 909 3758 movere
926 3714 964 3758 se
979 3696 1149 3776 proponit.
1197 3696 1240 3759 In
1258 3696 1358 3760 testi-

407 3795 557 3858 monium
587 3795 680 3877 quod
709 3792 871 3876 quicquid
911 3795 1077 3875 magister
1103 3794 1359 3859 balistariorum

408 3895 480 3978 regi
500 3893 635 3976 Angliae
658 3893 835 3975 scripserit
858 3893 1038 3957 veritatem
1058 3893 1245 3971 contineat,
1271 3914 1360 3976 prea-

406 3995 561 4058 sentibus
601 3994 710 4058 literis
753 3993 868 4073 sigilla
905 3999 1025 4056 nostra
1068 4000 1149 4056 sunt
1188 3993 1359 4074 apposita.

455 4243 460 4271 ¹
477 4245 607 4307 ‘deserit’
622 4245 698 4295 MSS.
710 4245 776 4295 Cott.
792 4245 817 4292 N
820 4259 871 4308 ero,
884 4245 919 4292 D.
932 4244 970 4306 ii„
978 4244 1029 4293 and
1041 4243 1233 4295 0011.Trin.1t.
1245 4248 1270 4305 5,
1282 4245 1322 4292 1⁰.
