3126 4986
226 669 316 710 lldrrnd
330 669 349 708 1.

213 983 264 1023 war
272 981 295 1023 ln

213 1035 316 1084 (luenny.

216 1961 357 2012 wednadty,

216 2012 290 2052 llsrcb
299 2014 333 2054 28.

373 479 418 544 72
750 491 959 541 cneourcou

423 699 578 763 Dominus
594 697 788 776 Edmaatdua
806 697 927 762 Frater
940 697 1044 782 aequ,
1063 697 1282 783 transfretavit

578 797 633 862 ‘iu
654 797 839 862 Vascouiam
853 817 923 861 curu
938 793 1126 860 astrata&

425 943 578 1008 ‘Eodem
599 941 726 1008 anno’²
739 943 979 1008 transfretavit
990 944 1025 1008 in
1041 943 1265 1021 Vasconiam,
1281 945 1333 1018 ex,

375 1051 551 1128 praecepto
576 1043 680 1126 regiS,
704 1043 865 1108 dominus
881 1043 1084 1107 Edmundus
1105 1042 1214 1107 freter
1239 1044 1326 1127 ejuS,

374 1164 453 1208 uum
470 1143 596 1208 comite
612 1142 814 1220 Lincolniae,
834 1143 1016 1206 associatis
1030 1143 1079 1206 eis
1097 1159 1205 1209 xxvr.
1223 1143 1328 1206 bane-

369 1243 488 1319 rettis,
497 1250 532 1308 et
540 1242 770 1327 septingentis
780 1242 922 1305 armetis
931 1261 1009 1306 cum
1019 1241 1119 1323 plebe
1130 1242 1252 1319 multa,
1264 1261 1326 1326 ap·

375 1342 640 1425 plicueruntque
657 1341 750 1404 circa
765 1339 914 1405 medium
932 1339 1219 1422 Quadragesimee
1234 1342 1326 1422 apud
1417 1369 1418 1374 ¹

378 1441 535 1521 Burgum
560 1447 596 1504 et
617 1440 784 1524 Blaynes,
807 1447 1075 1522 manseruntque
1099 1438 1225 1503 ibidem
1247 1459 1326 1504 eum

376 1541 516 1617 nostrie,
543 1559 631 1622 quos
657 1539 692 1601 in
719 1559 836 1603 eorum
861 1539 1015 1604 adventu
1042 1538 1327 1621 congratulantes

376 1639 593 1716 invenerant,
609 1657 720 1721 usque
741 1639 893 1716 Pascha,
909 1646 945 1703 et
962 1639 1165 1720 congregati
1181 1646 1263 1703 suut
1282 1641 1326 1702 ad

376 1727 436 1803 eos
457 1737 713 1804 Vasconienses
741 1738 842 1802 multi
868 1745 903 1803 et
927 1746 1064 1802 caeterae
1092 1739 1260 1815 nationes,
1277 1739 1330 1802 ita

377 1837 469 1920 qnod
495 1838 530 1901 in
553 1838 650 1902 brevi
674 1846 856 1902 creverunt
879 1838 916 1901 in
940 1856 1120 1901 numerum
1142 1838 1328 1920 plusquam

378 1937 447 2002 duo
463 1937 572 2001 millia
593 1943 816 2001 armatorum.
869 1936 913 1999 In
930 1937 1121 2002 ebdomada
1136 1956 1217 2002 vero
1240 1937 1330 2000 Pas*

378 2037 465 2114 chae,
488 2036 543 2100 die
568 2036 745 2113 Mercurii,
763 2042 945 2100 moverunt
968 2055 1018 2113 se,
1041 2043 1143 2100 etex
1167 2037 1328 2120 opposito

378 2137 422 2200 de
440 2135 608 2201 Burdews
630 2134 781 2199 fixerunt
802 2143 919 2200 castra
935 2154 1048 2212 suaa
1070 2135 1211 2200 civitate
1228 2136 1328 2218 quasi

378 2255 441 2318 per
455 2255 557 2300 unam
569 2233 716 2300 leucam,
761 2234 865 2312 Quod
880 2234 1035 2299 videntes
1051 2235 1156 2312 cives,
1168 2236 1329 2300 exierunt

379 2355 457 2402 curn
484 2335 641 2414 Francis,
667 2341 706 2398 ut
731 2334 781 2397 eis
807 2342 1036 2399 occurrerent.
1088 2333 1214 2398 Mutuo
1237 2335 1329 2398 enim

379 2435 543 2499 videbant
569 2453 619 2512 se,
649 2441 684 2498 et
713 2433 758 2498 ad
790 2433 1077 2515 congrediendum
1106 2433 1328 2500 festinabant.

380 2533 505 2599 Nostri
529 2541 645 2598 tamen
669 2534 913 2615 expectabant,
930 2539 965 2608 et
989 2533 1025 2596 in
1048 2540 1147 2615 parte
1171 2541 1328 2598 retraxe-

379 2641 460 2698 runt
483 2654 532 2711 se,
556 2633 658 2716 quasi
681 2633 800 2714 fugam
825 2632 1041 2709 simulantes,
1066 2651 1246 2715 quousque
1273 2653 1328 2696 se-

378 2740 584 2815 pararentur
606 2734 650 2797 ab
673 2733 757 2796 urbe
779 2733 894 2814 spatio
909 2751 1048 2814 magno,
1065 2739 1100 2795 et
1115 2738 1198 2796 tune
1219 2733 1328 2796 versis

379 2832 533 2897 vultibus
555 2851 615 2897 eos
636 2832 672 2895 in
697 2832 817 2894 urbem
840 2830 1053 2895 retrocedere
1076 2831 1329 2913 compulerunt,

379 2931 547 3013 caesisque
577 2932 676 3014 quasi
708 2931 844 2994 duobus
875 2930 1039 3008 millibus,
1065 2930 1152 2994 alios
1181 2930 1354 3020 insecuti¹

378 3037 461 3096 sunt
491 3050 601 3112 usque
624 3029 666 3094 ad
690 3038 810 3113 portas
835 3030 998 3095 civitatis.
1051 3028 1202 3107 Quidam
1224 3030 1328 3093 etiam

378 3149 424 3194 ex
448 3133 577 3195 nostris
595 3131 742 3213 ingressi
767 3136 850 3194 sunt
866 3148 945 3194 cum
967 3129 1027 3208 eis,
1044 3137 1080 3192 et
1095 3129 1245 3205 demum,
1270 3129 1328 3194 de·

378 3231 485 3295 missa
499 3238 613 3313 porta,
625 3229 786 3313 praeclusi
800 3236 883 3293 sunt
898 3236 933 3294 et
946 3229 1082 3293 retenti.
1128 3228 1226 3293 Inter
1239 3247 1329 3311 quos

378 3337 478 3393 eraut
494 3329 546 3392 illi
569 3330 639 3394 duo
660 3329 785 3394 fratres
812 3328 855 3392 de
877 3325 1083 3410 ‘Manley,'³
1105 3328 1235 3392 domini
1255 3328 1329 3393 Ro·

379 3429 497 3491 bertus
527 3436 562 3492 et
592 3428 783 3505 Jobannes,
811 3427 873 3510 qui
898 3435 1021 3511 postea
1053 3425 1221 3509 redempti
1249 3432 1331 3492 sunt

379 3526 462 3590 dato
486 3527 608 3608 pretio.
662 3527 769 3591 Mane
790 3536 908 3591 autem
930 3527 1037 3603 sacto,
1052 3527 1212 3589 timentes
1237 3527 1330 3590 cives

379 3623 590 3688 obsidionem
631 3627 838 3703 continuari,
870 3633 1107 3710 apposuerunt
1143 3625 1257 3706 ignem
1294 3627 1331 3689 in

380 3723 538 3789 domibus
565 3725 772 3790 suburbanis
799 3746 878 3808 quae
906 3744 1005 3790 muro
1029 3724 1272 3789 adhaerebant:
1297 3733 1332 3789 et

378 3824 515 3889 interim
531 3822 715 3906 ‘egressi’⁴
726 3825 904 3889 marinarii
921 3826 1042 3902 nostri,
1052 3831 1197 3890 caeteras
1212 3825 1333 3889 domos

415 4039 825 4092 'Omittedinlllacollnrm
903 4039 1075 4108 ⁸‘Mauluy,’
1121 4043 1181 4093 MS.
1223 4044 1336 4104 Lansd.;

414 4109 569 4160 ¹‘Eodem
618 4126 694 4172 enno,
745 4111 844 4162 scilieet
869 4111 1010 4175 ‘Manlay,'
1022 4114 1079 4164 MS.
1090 4113 1158 4163 Cott.
1169 4113 1228 4164 Tib.
1268 4119 1269 4124 ’

379 4181 516 4246 u.ecxev.,'
524 4182 600 4234 MSS.
611 4181 705 4232 Lansd.
713 4182 763 4232 end
775 4181 841 4234 con.

375 4250 445 4302 Tria.
904 4248 914 4280 ⁴
930 4252 1075 4317 ‘ingressa'
1087 4253 1144 4305 ΜΒ.
1152 4253 1220 4304 Coll.
1229 4253 1299 4303 'll-in.
