3166 4992
410 456 580 504 wrnranr
606 457 652 503 nn
676 456 956 504 unurucnuncrr.
1095 439 1160 502 257

206 629 269 690 pro
284 628 332 688 se,
346 630 449 694 quam
460 631 523 693 pro
535 632 598 676 suo
608 614 774 695 sangnine
787 633 916 677 novum
927 613 1159 682 constituatur
1185 624 1310 714 ppppop

208 709 449 790 patrimonium
474 711 517 774 de
539 713 667 776 eisdem
690 713 835 796 abjectis
860 711 1022 794 piissimis
1038 711 1157 775 volun·
1172 729 1321 796 M

207 809 336 872 tatibus
359 810 592 875 fundatorum.
640 812 686 875 Et
702 812 771 875 alia
787 813 889 876 etiarn
915 829 1158 893 procursorum
1171 807 1315 904 {gffffissggfl

206 906 386 989 stipendiis
418 928 505 992 quos
534 911 740 974 transmittit
768 913 804 973 in
822 909 985 990 Angliam
1015 929 1157 973 execra-
1171 905 1310 997 {fflg'gg

207 1006 290 1070 bilia
322 1006 398 1090 jam
427 1009 584 1089 imponit,
616 1012 676 1090 qui
715 1029 784 1073 non
820 1017 955 1073 tantum
970 1065 973 1070 ,
989 1016 1084 1072 tuum
1117 1028 1158 1072 ac

209 1113 347 1169 tuorum
371 1106 501 1170 victum
525 1108 688 1174 auferunt
709 1116 745 1172 et
766 1115 936 1184 vesturas,
959 1107 1020 1170 sed
1040 1127 1158 1170 eorum

207 1205 315 1285 pelles
338 1212 373 1269 et
395 1225 515 1270 carnes
539 1207 693 1271 lacerant
709 1207 805 1271 velut
827 1225 940 1273 canes.
987 1205 1157 1287 Nunquid

209 1302 511 1385 Nabugodonosor
563 1306 636 1387 regi
679 1305 804 1370 debeat
848 1305 1053 1386 comparari,
1098 1307 1157 1387 qui

208 1404 375 1484 templum
385 1404 522 1468 Domini
534 1404 784 1481 devastavit,et
798 1405 890 1467 vasis
903 1402 975 1466 suis
985 1406 1158 1484 argenteis

208 1508 243 1565 at
259 1503 373 1566 aureis
389 1503 580 1584 spoliavit?
634 1503 737 1581 Quod
753 1510 873 1584 egerat
887 1503 977 1567 enim
996 1501 1067 1578 ille,
1083 1503 1158 1584 agit

208 1607 244 1664 et
269 1601 345 1666 iste.
399 1601 466 1677 Ille
488 1602 610 1665 domus
634 1603 701 1666 Dei
725 1602 889 1684 spoliavit
911 1601 1100 1678 ministros,
1124 1611 1158 1667 et

208 1701 320 1781 ipsam
353 1699 469 1763 debito
508 1700 719 1765 destituebat
760 1701 948 1782 obsequi03
988 1699 1063 1763 baec
1103 1700 1158 1765 bic

209 1799 304 1863 facit.
352 1798 453 1863 Certe
469 1799 592 1863 melius
610 1806 663 1862 est
679 1800 801 1863 occisis
817 1799 933 1881 gladio
948 1818 1050 1880 quam
1068 1799 1159 1863 fame

209 1897 407 1978 aliqualiter
424 1897 624 1973 interfectis,
634 1899 716 1978 quia
724 1904 807 1961 sunt
818 1898 946 1961 mortui
959 1896 1010 1958 illi
1027 1899 1158 1975 statim,

209 1997 266 2059 isti
293 2005 373 2060 sunt
400 2016 420 2060 a
450 2004 552 2060 terrae
583 1998 767 2060 sterilitate
795 1996 1002 2078 consumpti.
1055 1995 1158 2058 Com-

210 2097 387 2176 patiautur
402 2096 477 2172 tibi,
494 2094 576 2172 filia,
592 2114 710 2160 omnes
734 2103 953 2159 transeuntes
976 2113 1036 2175 per
1053 2095 1157 2169 viam,

210 2195 292 2276 quia
315 2214 384 2258 non
406 2201 460 2259 est
477 2194 575 2258 dolor
598 2195 688 2258 sicut
712 2193 810 2258 dolor
841 2202 943 2273 tuus;
966 2192 1041 2276 jam
1065 2195 1156 2257 enim

210 2312 283 2374 prae
315 2293 433 2358 dolore
462 2293 579 2369 nimio,
607 2301 643 2357 et
675 2312 748 2376 prae
776 2293 939 2357 effusione
965 2300 1027 2356 tua
1052 2293 1158 2356 nimia

210 2391 477 2474 lachrymarum,
515 2409 620 2474 super
653 2393 826 2456 ,carbones
857 2400 910 2455 ast
947 2389 1054 2454 facies
1094 2399 1157 2455 tua

210 2491 392 2573 denigrata
416 2493 478 2568 ita,
508 2491 600 2574 quod
624 2511 693 2556 non
715 2499 753 2555 'as
779 2491 920 2572 cognita
949 2491 1097 2574 amplius
1120 2491 1156 2553 in

212 2590 357 2672 plateis:
384 2598 420 2655 et
436 2591 472 2653 in
490 2591 680 2656 tenebrosis
702 2598 736 2654 te
759 2596 841 2653 tuus
863 2589 1033 2671 ¹praefatus
1051 2608 1157 2671 supe·

212 2689 281 2753 rior
299 2689 506 2767 collocavit3
530 2689 713 2754 inebriavit
736 2697 770 2753 te
797 2688 982 2772 absynthio
1005 2697 1040 2753 et
1064 2687 1155 2752 selle.

212 2786 440 2853 Afflictionem
464 2787 584 2869 populi
611 2789 673 2865 tui,
699 2788 843 2871 ejusque
872 2781 1047 2868 gemitum,
1075 2787 1157 2851 audi

213 2887 372 2962 Domine,
392 2886 470 2948 vide
488 2887 635 2949 Domine
650 2893 686 2950 et
702 2885 882 2962 descende,
896 2887 978 2967 quia
996 2905 1055 2949 cor
1074 2885 1158 2949 dicti

211 2985 278 3048 viri
294 3003 399 3066 super
415 3004 475 3048 cor
493 2984 685 3047 Pharaonis
710 2991 764 3046 est
784 2983 924 3046 nimium
947 2984 1157 3058 induratum,

211 3084 295 3164 quia
312 3103 380 3147 non
401 3082 551 3146 dimittet
573 3082 738 3163 populum
763 3089 861 3144 tuum
884 3082 978 3148 abire
1000 3080 1157 3156 liberum,

213 3182 280 3246 uisi
302 3183 337 3246 in
360 3180 563 3245 fortitudine
585 3199 708 3244 manus
738 3188 820 3244 tuae.
874 3179 956 3243 Non
979 3179 1068 3243 enim
1095 3179 1159 3242 fla-

213 3281 322 3363 gellat
352 3279 594 3344 miserabiliter
625 3286 762 3343 tantum
792 3298 897 3359 super
927 3285 1068 3354 terram,
1099 3279 1159 3340 sed

212 3389 292 3462 post
327 3387 493 3452 mortenn
538 3379 621 3460 quia
656 3397 939 3460 quorumcunque
970 3376 1168 3441 Christian--

212 3497 311 3542 orum
331 3480 421 3543 bona
446 3479 511 3540 sub
534 3477 671 3541 nomine
696 3476 790 3541 tituli
814 3475 856 3540 de
873 3476 1056 3540 Intestatis
1079 3495 1162 3540 con·

211 3577 324 3654 fiscat,
353 3578 469 3642 omnia
497 3584 576 3658 post
600 3576 780 3640 decessum
802 3594 972 3657 occupare
1004 3575 1159 3638 intendit.

214 3676 479 3740 Animadvertat
501 3676 620 3756 itaque
643 3674 764 3738 militia
787 3673 996 3756 Anglicana,
1014 3674 1162 3754 qualiter

212 3793 234 3837 a
248 3776 429 3839 retroactis
444 3775 655 3855 temporibus
667 3774 806 3849 Franci,
816 3774 851 3836 in
867 3793 1009 3853 regnum
1025 3771 1162 3852 Angliae

212 3893 285 3936 suae
308 3872 596 3954 concupiscentiae
619 3872 738 3935 oculos
762 3871 961 3952 dirigentes,
986 3869 1167 3935 machina--

213 3973 340 4035 bantur
351 3970 436 4033 illud
451 3989 523 4032 suae
538 3970 707 4052 subjicere
718 3976 727 4002 ‘
740 3963 946 4050 potestati.’¹
989 3967 1056 4030 Sed
1071 3966 1164 4047 quod

394 4225 396 4228 ·
515 4199 522 4228 ¹
540 4201 698 4263 ‘voluntati,'
711 4200 768 4249 MS.
781 4199 874 4250 Lansd.

266 4319 344 4367 vob.
363 4319 401 4366 ΙΙ.
999 4312 1018 4359 Β
