3138 4988
407 461 476 531 fflii
775 479 986 528 cunouroou
1069 495 1101 538 ῃ

257 649 388 740 {dmg-
411 637 618 714 veniremus,
644 645 679 702 et
706 644 785 720 post
810 646 880 702 tam
907 638 955 701 ibi
984 655 1088 720 quam
1108 636 1197 710 alibi
1223 645 1360 706 secreta

250 726 626 834 mquorundam
667 738 765 802 nobis
813 738 1000 802 insinuatio
1039 737 1221 813 intimavit,
1266 737 1358 818 quod

250 831 355 876 ⁰¹⁸¹m‘·
412 837 588 917 magister,
611 829 841 919 praeceptores
860 846 895 901 et
919 836 979 900 alii
1001 836 1125 901 fratres
1143 836 1271 900 ordinis
1292 837 1358 899 mi·

411 935 494 1000 litiae
510 935 658 1018 Templi,
675 944 710 1000 et
725 937 829 1001 etiam
845 937 920 1019 ipse
935 937 1033 1012 ordo,
1049 937 1107 1018 qui
1130 936 1172 1000 ad
1191 935 1357 1008 defensiof

410 1054 488 1114 nem
504 1036 702 1118 patrimonii
716 1035 870 1119 ejusdem
888 1036 1026 1101 Domini
1041 1035 1151 1099 nostri
1172 1034 1307 1100 fuerant
1320 1037 1358 1104 in

412 1136 652 1200 transmarinis
682 1144 717 1199 et
749 1135 826 1200 aliis
858 1136 1013 1217 partibus
1043 1135 1212 1217 deputati,
1237 1142 1359 1200 contra

411 1234 524 1316 ipsum
540 1234 728 1300 Dominum
745 1235 780 1298 in
799 1233 912 1298 scelus
930 1235 1115 1317 apostasiae
1135 1233 1305 1310 nefandae,
1322 1241 1358 1300 et

412 1333 615 1399 detestabile
633 1332 839 1398 idololatriae
855 1334 989 1411 vitium,
1006 1333 1201 1400 execrabile
1224 1333 1357 1398 facinus

413 1431 651 1508 Sodomorum,
667 1441 703 1497 et
719 1431 868 1496 haereses
881 1433 997 1498 varias
1013 1440 1113 1496 erant
1127 1433 1229 1515 lapsi.
1263 1432 1357 1510 Quia

413 1549 495 1596 vero
531 1549 599 1596 non
638 1538 713 1596 erat
745 1533 940 1608 verisimile,
974 1551 1037 1596 nec
1071 1531 1232 1597 credibile
1260 1532 1354 1596 vide·

411 1631 525 1707 batur,
541 1631 632 1713 quod
652 1631 717 1695 riri
739 1638 811 1695 tam
833 1631 999 1713 religiosi,
1023 1631 1082 1713 qui
1099 1631 1274 1714 praecipue
1294 1651 1356 1714 pro

410 1728 541 1794 Christi
556 1731 692 1794 nomine
708 1748 807 1796 suum
823 1749 918 1812 saepe
932 1731 1136 1812 sanguinem
1152 1730 1358 1809 effuderunt,

409 1849 450 1894 ac
465 1849 632 1912 personas
650 1849 732 1894 snas
754 1831 875 1898 mortis
902 1830 1056 1912 periculo
1077 1829 1273 1913 frequenter
1294 1849 1355 1894 ex-

409 1948 537 2012 ponere
554 1930 793 2006 credebantur,
807 1930 936 2013 quique
952 1930 1062 1996 multa
1078 1937 1114 1993 et
1132 1949 1269 2010 magna,
1285 1936 1355 1996 tam

409 2029 444 2094 in
473 2029 600 2096 divinis
629 2027 748 2094 officiis
774 2048 875 2110 quam
905 2031 941 2094 in
966 2028 1108 2112 jejuniis
1134 2036 1170 2097 ct
1195 2029 1272 2094 aliis
1294 2030 1355 2094 0b÷

407 2129 591 2194 servantiis
615 2128 809 2194 devotionis
832 2129 932 2210 signa
962 2128 1175 2211 frequentius
1206 2135 1354 2212 praeten-

408 2227 547 2305 debant,
562 2247 635 2294 suae
663 2229 712 2294 sic
735 2236 848 2295 essent
868 2229 993 2292 salutis
1015 2229 1243 2305 immemores,
1265 2227 1356 2310 quod

410 2327 494 2391 talia
515 2335 765 2409 perpetrarent,
781 2327 978 2411 hujusmodi
997 2327 1280 2400 insinuationiao
1295 2326 1354 2392 de·

407 2425 540 2502 lationi,
554 2427 664 2509 ipsius
676 2426 816 2491 Domini
826 2428 936 2491 nostri
948 2427 1116 2508 exemplis
1128 2446 1169 2490 ac
1181 2428 1355 2490 canonicae

410 2526 590 2606 scripturae
620 2525 796 2602 doctrinis,
828 2545 947 2590 aurem
978 2525 1149 2590 noluimus
1177 2525 1353 2589 inclinare.

412 2621 560 2686 Domum
581 2643 663 2687 vero
685 2625 882 2688 carissimus
903 2627 939 2690 in
965 2623 1104 2690 Christo
1130 2625 1221 2689 filius
1238 2633 1355 2690 noster

411 2721 605 2804 Philippus
620 2743 682 2786 rex
703 2724 861 2788 Franciae
883 2724 1039 2804 illustris,
1061 2725 1117 2788 cui
1136 2725 1255 2789 eadem
1272 2723 1355 2788 faci-

290 2885 294 2892 ,
410 2840 495 2886 nora
520 2822 656 2888 fuerant
683 2824 859 2901 nunciata,
886 2844 954 2888 non
977 2831 1062 2906 typo
1089 2824 1258 2900 avaritiae,
1276 2843 1352 2890 cum

410 2921 566 2986 debonis
583 2923 857 3006 Templariorum
873 2925 921 2986 nil
942 2923 1007 2990 sibi
1032 2923 1213 2988 vendicare
1225 2923 1280 2986 vel
1292 2943 1353 3006 ap·

409 3022 586 3104 propriore
601 3023 759 3100 intendit,
768 3023 872 3087 immo
882 3043 924 3086 ea
932 3043 994 3104 per
1003 3022 1218 3106 deputandos
1228 3024 1354 3087 anobis

408 3122 642 3202 gubernanda,
666 3122 891 3188 custodienda
913 3130 949 3186 et
970 3122 1185 3187 observanda
1206 3121 1355 3185 liberali.

408 3227 461 3286 ter
487 3241 528 3286 ac
554 3222 680 3288 devote
703 3221 881 3299 dimiserit,
908 3241 1047 3286 manum
1077 3241 1177 3288 suam
1201 3221 1353 3284 totaliter

408 3321 612 3397 amovendo,
630 3328 666 3385 et
685 3320 883 3386 senescallis
905 3328 940 3384 et
958 3321 1096 3385 ballivis
1121 3327 1155 3384 et
1181 3319 1258 3385 aliis
1281 3321 1352 3384 suis

408 3417 623 3494 officialibus,
652 3439 784 3484 necnon
815 3420 972 3496 ducibus
994 3420 1189 3496 comitibus,
1215 3420 1352 3484 baroni·

408 3517 488 3592 bus,
517 3524 553 3582 et
591 3518 670 3584 aliis
702 3519 851 3583 subditis
882 3520 1146 3602 quibuscunque
1175 3537 1236 3600 per
1272 3538 1353 3584 suas

407 3621 565 3694 patentes
591 3615 709 3680 literas
732 3617 960 3690 mandaverit,
985 3625 1025 3681 ut
1048 3618 1277 3694 curatoribus,
1292 3618 1352 3681 ad·

407 3713 697 3780 ministratoribus
734 3717 942 3796 generaliter
974 3717 1010 3780 in
1048 3736 1156 3798 regno
1197 3716 1352 3783 Franciae

406 3812 581 3894 deputatis
602 3814 748 3891 anobis
767 3822 802 3879 et
826 3816 1002 3898 deputatis
1025 3835 1046 3880 a
1072 3814 1218 3896 singulis
1241 3816 1352 3879 archi*

401 3913 577 3997 episcopis
592 3921 628 3979 et
650 3915 820 3998 episcopis
842 3916 878 3980 in
899 3917 971 3980 suis
991 3915 1190 3980 civitatibus
1211 3920 1246 3978 et
1266 3914 1351 3978 dioe·

400 4015 551 4088 cesibus,
588 4015 679 4078 bona
711 4014 849 4078 mobilia
887 4021 922 4078 et
957 4014 1145 4078 immobilia
1183 4012 1351 4077 dictorum

404 4110 691 4194 Templariorum,
738 4134 816 4196 quae
854 4113 1010 4196 praedicti
1057 4111 1220 4176 officiales
1265 4114 1351 4192 regii

404 4218 439 4273 et
465 4207 525 4275 alii
555 4212 684 4275 subditi
714 4219 879 4295 ceperunt
908 4221 943 4276 et
977 4220 1104 4289 tenent,
1130 4213 1271 4278 tradant
1298 4213 1351 4277 iu-
