3178 4992
384 437 387 442 ¹
411 459 476 524 les
775 471 986 522 canonicor

260 647 389 739 ξιῐῗιιιιθιῖ
411 631 446 694 in
463 649 586 694 manus
609 629 803 705 Scotorum,
822 635 858 694 et
876 627 1037 694 multos
1026 647 1063 693 ru
1087 645 1209 697 manus
1232 643 1362 707 pauco·

248 753 398 823 W
411 749 499 794 rum.
543 729 772 794 Transierunt
794 729 913 808 itaque
934 725 1109 792 vexillarii
1132 725 1223 806 regis
1247 731 1282 787 et
1304 743 1361 787 co·

247 834 342 884 θῑίῑιε
394 828 516 904 mitis,
524 836 558 891 et
564 828 657 894 mter
667 845 797 909 primos
808 826 1065 896 strenuissimus
1074 824 1135 888 dle
1147 824 1245 892 mlles
1254 822 1360 886 domi

412 945 478 990 nus
498 926 745 992 Marmeduous
761 926 804 992 de
821 924 965 1006 Tweng.
1018 923 1175 1005 Cumque
1192 921 1364 994 vidissent

411 1025 541 1092 hostes
551 1025 637 1092 tot
622 1045 699 1108 Jam
716 1024 871 1090 evenisse
885 1031 972 1105 quot
986 1041 1151 1105 superare
1165 1027 1362 1102 potuerant,

411 1131 452 1187 ut
475 1125 674 1199 credebant,
701 1143 786 1188 mox
818 1121 1107 1187 descenderunt
1115 1119 1125 1154 ¹
1158 1120 1201 1184 de
1232 1126 1361 1196 monte,

411 1229 447 1286 et
482 1223 597 1286 missis
623 1222 706 1286 viris
737 1221 921 1289 lanceariis
954 1225 1213 1302 occupaverunt
1227 1217 1361 1306 *pedem

410 1321 540 1402 pontis,
566 1321 617 1384 ita
643 1320 736 1402 quod
761 1326 892 1384 extunc
915 1318 1001 1382 nulli
1026 1319 1171 1400 patebat
1194 1317 1361 1381 transitus

411 1418 467 1482 vel
488 1437 676 1500 regressus,
692 1418 804 1484 sedin
823 1417 1027 1484 revertendo
1041 1417 1134 1483 sicut
1155 1418 1241 1483 etin
1263 1415 1360 1485 festi·

411 1517 526 1581 nando
553 1536 657 1599 super
681 1524 820 1599 pontem
853 1515 1062 1598 praecipitati
1086 1521 1182 1594 sunt,
1198 1514 1298 1583 inulti
1325 1523 1361 1580 et

410 1617 592 1681 submersi.
666 1615 965 1682 Descendentibus
1005 1616 1125 1696 itaque
1165 1613 1287 1680 Scotis,
1317 1614 1360 1678 de

411 1722 539 1790 monte,
553 1713 645 1779 dixit
657 1714 818 1778 dominus
829 1713 1075 1778 Marmeducus
1090 1713 1260 1780 consociis
1274 1713 1359 1788 suis,

411 1814 556 1880 “Estne
573 1822 723 1895 tompus,
739 1813 877 1890 iratres,
899 1819 939 1876 ut
961 1813 1155 1895 equitemus
1179 1809 1224 1876 ad
1247 1813 1359 1878 eosi”

249 1931 342 2022 reuera}
341 1931 435 2025 'dd'
413 1911 549 1989 Quibus
573 1913 860 1994 respondentibus
889 1912 981 1994 quod
1006 1911 1070 1988 sic,
1094 1930 1177 1976 mox
1202 1910 1359 1978 stimula·

248 1993 369 2082 ιἯιιιη
411 2011 456 2074 tis
484 2012 583 2094 equis
614 2019 736 2076 mutuo
765 2012 943 2092 congressi
973 2017 1066 2087 sunt,
1100 2017 1138 2076 et
1169 2011 1359 2074 corruenti-

410 2111 475 2180 bus
490 2110 697 2192 quibusdam
719 2131 765 2174 ex
784 2110 911 2186 Scotis,
928 2110 1045 2174 caeteri
1063 2115 1240 2222 equestres
1259 2110 1360 2191 quasi

411 2229 529 2274 omnes
551 2211 588 2272 in
600 2210 722 2290 fugam
738 2211 831 2273 versi
848 2216 939 2272 sunt.
993 2208 1091 2287 Quos
1109 2227 1185 2272 cum
1194 2207 1358 2290 inseque-

412 2315 532 2373 rentur
545 2308 762 2389 fugientes'
731 2328 784 2372 sic
799 2308 889 2372 dixit
909 2327 999 2373 unus
1012 2327 1062 2372 ex
1077 2307 1203 2372 nostris
1219 2307 1358 2374 domino

412 2406 650 2482 Marmeduco,
667 2407 849 2470 “Domine
877 2407 936 2482 mi,
962 2407 1099 2488 decepti
1120 2425 1263 2482 sumus;
1289 2427 1359 2472 non

410 2506 501 2569 enim
519 2511 712 2586 sequuntur
726 2505 849 2581 nostri,
864 2513 900 2570 et
917 2505 1046 2570 vexilla
1063 2505 1155 2586 regis
1170 2512 1206 2568 et
1222 2505 1357 2570 comitis

410 2623 479 2667 non
493 2603 726 2686 comparent.”
758 2601 815 2668 Ad
827 2603 901 2668 haec
911 2603 1133 2685 respicientes
1148 2608 1253 2678 retro,
1265 2603 1358 2668 vide-

410 2710 492 2766 runt
505 2702 634 2766 multos
644 2722 690 2766 ex
700 2702 877 2768 nostriset
889 2701 1192 2783 vexillariosregis
1207 2707 1243 2766 et
1256 2703 1358 2768 comi·

411 2803 457 2864 tis
480 2802 664 2878 corruisse,
690 2801 934 2882 dixeruntque,
964 2805 986 2835 “
999 2799 1178 2866 Praeclusa
1204 2807 1258 2864 est
1281 2800 1357 2884 jam

405 2901 512 2964 *nobis
529 2901 585 2965 vie
596 2901 641 2964 ad
658 2908 807 2982 pontem,
821 2909 856 2964 et
868 2919 890 2964 a
900 2900 1028 2982 populo
1044 2907 1162 2963 nostro
1176 2899 1359 2982 intercepti

413 3018 553 3077 sumus3
576 3000 699 3063 melius
719 3007 773 3064 est
793 3019 876 3080 ergo
901 3006 940 3062 ut
963 2998 1144 3062 credamus
1169 3016 1233 3061 uos
1255 3017 1357 3080 aqum

413 3098 578 3180 periculo,
604 3099 634 3161 si
656 3097 745 3162 forte
771 3098 918 3162 transire
943 3097 1128 3178 possimus,
1152 3115 1256 3179 quarn
1279 3096 1359 3162 hos·

415 3197 501 3260 tium
524 3216 652 3261 cuneos
678 3205 899 3278 penetrantes
932 3196 1032 3278 quasi
1055 3193 1257 3277 pronihilo
1285 3215 1360 3260 cor-

414 3315 576 3360 ruamus:
608 3294 754 3358 difficilis
776 3297 880 3359 immo
898 3294 1126 3376 impossibilis
1145 3293 1222 3376 jam
1246 3294 1359 3360 factus

414 3403 468 3458 est
483 3396 582 3458 nobis
602 3393 771 3458 transitus
785 3413 848 3474 per
866 3393 1015 3457 medium
1033 3392 1251 3459 Scotorum.’'
1305 3391 1359 3460 Ad

414 3491 489 3555 haec
521 3493 579 3555 ille
610 3492 868 3575 strenuissimus
903 3491 1169 3556 Marmeducus:
1211 3497 1234 3528 “
1245 3490 1359 3569 Certe,

414 3591 593 3667 carissimi,
615 3609 791 3671 nunquam
817 3590 951 3654 dicetur
978 3591 1021 3654 de
1047 3589 1217 3670 mequod
1247 3591 1359 3670 gratis

414 3707 468 3751 me
482 3690 745 3767 submerserim
771 3689 865 3752 absit
880 3695 916 3752 et
930 3688 995 3754 hoc
1012 3708 1034 3752 a
1049 3689 1160 3764 vobis
1171 3687 1232 3752 sed
1243 3690 1359 3770 sequi-

412 3787 495 3850 mini
510 3806 576 3862 me,
590 3795 625 3851 et
640 3806 702 3868 per
716 3787 869 3877 medium
878 3807 996 3851 eorum
1014 3787 1111 3852 vobis
1126 3789 1218 3854 viam
1232 3786 1357 3853 faciam

412 3906 523 3968 usque
538 3886 582 3950 ad
598 3891 736 3967 pontem
750 3885 790 3955 ;’'
812 3885 1061 3968 stimulatoque
1074 3887 1264 3962 dextrario,
1276 3906 1358 3951 mox

411 3986 513 4048 irruit
534 3985 569 4046 in
594 3984 724 4060 hostes,
742 3991 778 4048 et
801 4003 891 4047 nunc
916 3983 979 4048 hos
1002 4005 1094 4048 nunc
1118 3984 1198 4049 illos
1225 3985 1360 4052 caedens

248 2081 300 2122 Ιοιι.

637 4205 646 4238 ¹
664 4204 885 4273 ‘descendebnnt,'
897 4209 954 4260 MS.
967 4208 1035 4260 Oott.
1046 4209 1126 4270 Vesp.
