3126 4986
427 476 598 525 weuram
624 477 671 522 nn
694 475 978 525 nnuruoauaorr.
1131 461 1175 525 27

216 632 252 695 in
269 631 490 696 monasteriis
505 631 684 695 recondita
706 636 862 700 maneret
877 650 1058 714 quousque
1082 631 1173 694 idem
1198 651 1320 741 {Albis

217 751 281 795 rex
298 732 335 794 in
352 751 416 796 sno
431 731 554 797 itinere
568 751 690 798 versus
701 730 880 795 Orientem
898 750 993 795 mare
1008 751 1172 812 magnum
1185 755 1337 842 W

217 838 310 894 esset
328 833 517 912 ingressus
537 839 573 894 et
589 837 672 896 tunc
686 831 799 912 primo
815 830 1008 894 solveretur
1024 831 1068 906 ei,
1083 829 1173 893 idem
1186 845 1313 933 saleph·

218 939 335 994 tamen
353 949 417 993 rex
432 949 478 994 ex
500 931 642 1012 proprio
666 930 762 994 facto
786 929 957 994 decimam
981 928 1086 992 trium
1112 948 1172 992 an·
1186 905 1314 985 diffidi·-

218 1048 342 1092 norum
356 1029 392 1092 in
410 1029 630 1096 monasteriis
653 1029 835 1093 collectam
850 1030 894 1092 ab
909 1027 995 1111 ipsis
1011 1028 1173 1092 collecto·

219 1129 315 1190 ribus
340 1129 461 1210 exegit
490 1134 525 1192 et
555 1128 725 1192 violenter
757 1128 897 1210 quidem
927 1135 963 1192 et
992 1135 1171 1210 potenter;

218 1246 281 1291 nec
296 1233 415 1291 tamen
431 1226 609 1310 profectus
624 1234 690 1304 est,
703 1246 767 1290 neo
784 1227 956 1309 promissa
972 1226 1094 1292 tenuit.

342 1407 540 1472 Lmnaototio
557 1409 659 1492 Papa
675 1428 767 1493 super
787 1407 845 1472 loo
859 1405 1050 1472 Perditione.

272 1561 295 1590 “
311 1553 493 1633 Nicolaus‚
518 1562 584 1620 etc.
655 1553 780 1619 Dirum
811 1555 1050 1620 amaritudinis
1091 1554 1174 1619 cali·
1187 1576 1334 1616 amissus

222 1674 296 1718 cem
322 1674 431 1736 nuper
454 1655 553 1718 nobis
578 1655 621 1717 de
646 1653 744 1718 Siriae
774 1657 930 1737 partibus
951 1655 1173 1738 propinatum
1185 1627 1337 1724 fflid‘g’m

223 1759 310 1816 ‘non
319 1753 409 1826 ,sine’
422 1751 432 1786 ¹
448 1753 667 1817 lacrimarum
692 1753 865 1835 profluvio
881 1754 1119 1834 degustantes,
1136 1755 1171 1817 in
1185 1727 1319 1824 libili.

224 1872 343 1916 amara
357 1853 459 1916 nimis
477 1859 512 1917 et
528 1853 642 1916 tristia
651 1852 752 1917 valde
767 1871 989 1934 prorumpere
1005 1855 1174 1934 cogimur,

226 1970 395 2034 vocesque
422 1951 622 2035 depromere
650 1952 827 2032 lugubres,
860 1959 896 2015 et
925 1951 1174 2028 vehementem,

224 2070 326 2132 quem
341 2052 509 2134 sentimus
529 2052 748 2128 intrinsecusr,
770 2070 841 2133 quo
856 2051 976 2114 durius
994 2051 1177 2132 perturbass

225 2170 302 2212 mur
324 2150 362 2212 in
388 2150 530 2226 intimis,
558 2150 714 2214 revelare
740 2169 780 2212 ac
806 2149 980 2213 insinuare
1008 2149 1173 2213 dolorem.

227 2247 395 2326 Quamvis
410 2249 555 2312 forsitan
573 2249 754 2331 praesentis
768 2249 907 2331 paginae
922 2268 1061 2312 cursum
1078 2267 1175 2329 gres·

225 2367 285 2410 sus
313 2349 458 2412 celerior
489 2348 731 2430 praecurrentis
760 2349 863 2412 famae
892 2349 1108 2429 praevenerit,
1138 2356 1174 2412 et

220 2446 295 2529 jam
319 2447 461 2511 minoris
485 2447 731 2529 praeloquentis
757 2447 917 2510 affatibus
941 2448 985 2510 ad
1015 2447 1174 2511 notitiam

223 2553 376 2610 vestram
401 2547 594 2628 pervenerit
609 2547 702 2628 quod
727 2553 923 2610 nostrarum
949 2545 1068 2626 lingua
1085 2566 1174 2628 prae·

224 2645 379 2727 loquitur
393 2645 597 2709 litterarum.
649 2645 749 2726 Saepe
767 2646 905 2728 quidem
924 2645 986 2708 illa
1000 2645 1176 2708 orientalis

226 2745 331 2826 plaga
354 2745 543 2825 profundas
566 2744 722 2808 ecclesiae
745 2745 868 2826 plagas
890 2745 1066 2826 imposuit,
1082 2762 1176 2826 saepe

226 2844 321 2906 illam
356 2844 490 2927 poculis
522 2843 720 2908 amaritavit
749 2844 923 2921 absinthii,
954 2863 1047 2926 saepe
1075 2843 1176 2906 felleo

227 2943 303 3005 cibo
342 2943 452 3024 pavit,
483 2943 654 3007 sauciavit
687 2941 899 3020 vulneribus
937 2951 972 3006 et
1004 2943 1176 3006 ‘turbonis

230 3039 376 3105 valide'²
400 3043 568 3106 acerrima
585 3048 755 3124 punctura
772 3042 925 3106 confodit
939 3061 948 3119 3
980 3048 1017 3105 at
1031 3060 1123 3102 nunc
1146 3040 1178 3102 ei

229 3141 451 3204 amarissimae
481 3140 630 3223 potionis
653 3141 842 3204 uberrimos
874 3139 1019 3201 haustus
1048 3138 1178 3214 intulit,

229 3260 319 3304 nunc
333 3239 429 3303 illam
444 3241 603 3303 moeroris
625 3239 782 3303 immensi
803 3237 933 3301 ferculo
961 3237 1101 3317 copioso
1125 3255 1178 3300 re-

229 3338 347 3419 plevit,
363 3359 510 3421 eamque
532 3340 659 3402 furoris
681 3338 845 3402 feralibus
866 3336 990 3418 gladiis
1013 3335 1178 3399 crudelis·

230 3438 324 3500 simis
355 3439 515 3522 pupugit,
541 3439 625 3519 quin
656 3437 773 3520 potius
811 3436 855 3500 ad
881 3437 957 3520 ejus
991 3455 1099 3518 usque
1135 3435 1179 3499 ad

229 3535 393 3600 interiora
421 3539 589 3619 pervenit.
643 3536 928 3619 Superfundimus
954 3535 1052 3600 illato
1079 3533 1179 3599 calici

230 3653 342 3698 aorem
365 3636 484 3700 fletum
504 3644 538 3700 et
559 3645 631 3700 tam
654 3655 771 3700 amaro
789 3636 887 3718 potui
912 3642 1036 3699 ettam
1056 3634 1180 3699 acerbo

228 3735 453 3798 inundantem
485 3735 705 3800 lacrimarum
732 3734 885 3817 pluviam
911 3734 1177 3805 immiscuimus3

231 3833 424 3898 audivimus
452 3832 580 3898 etenim
608 3834 811 3916 moestisque
836 3834 1001 3898 relatibus
1028 3832 1182 3914 aperitur

230 3933 321 4013 quod
335 3933 457 3996 diebus
474 3935 634 4016 proximo
646 3935 720 4016 jam
737 3934 924 3997 transactis
940 3938 1044 3995 aucta
1059 3949 1181 4011 quam·

268 4140 273 4168 ¹
291 4142 356 4190 ‘non
368 4143 460 4205 linem‚'
472 4143 529 4193 MS.
540 4142 605 4192 Ooll.
614 4141 695 4203 Arm.;
757 4138 939 4190 ²‘turbationis
947 4137 1039 4199 valde‚’
1052 4138 1107 4187 MS.
1118 4139 1182 4189 Coll.
1197 4143 1198 4146 ’

229 4213 272 4260 ‘in
284 4213 377 4273 finem,'
389 4213 446 4262 MS.
459 4213 525 4262 Cott.
538 4213 595 4262 Tib.
721 4212 791 4260 Trin.
