3138 4988
433 502 603 550 waursru
628 502 674 547 nn
697 499 981 548 uuurucuueeu.
1106 485 1173 548 317

224 655 365 720 Soldani
401 657 591 721 Babiloniae
622 656 764 733 rabiem,
795 665 830 720 et
872 657 984 721 crucis
1022 657 1172 722 hostium
1185 683 1335 776 With?

222 755 368 819 aliorum
392 776 435 820 ex
460 776 566 820 causa
581 775 583 780 ·
588 756 699 840 jurati
727 762 848 820 contra
871 775 931 820 eos
956 759 1121 838 passagii,
1137 768 1334 859 αἶα-ἰῆ-

222 855 421 920 solemniter
452 856 618 938 publicati
654 857 690 918 in
731 856 886 937 partibus
921 859 1171 935 transmarinis,
1185 867 1292 917 ungne-

1184 921 1240 957 ward
1249 925 1271 959 to
1279 921 1317 960 tho

223 956 393 1034 peribant,
420 963 454 1018 et
477 963 623 1037 pereunt
645 955 844 1031 Christiani,
868 963 902 1018 et
929 965 1087 1020 crescunt
1107 958 1291 1020 im-Poreand

1184 1018 1299 1068 cardinale,

222 1054 369 1117 maniter
397 1052 534 1136 injuriae
571 1054 740 1131 crucifixi,
780 1073 959 1136 possemus
990 1056 1081 1120 sieut
1113 1057 1170 1120 de·
1184 1070 1332 1160 ffitgpgefgth

223 1152 355 1229 bemus,
370 1160 406 1217 et
421 1154 626 1235 propensius
638 1154 851 1229 anhelamus,
863 1154 1041 1218 intendere
1056 1173 1172 1222 causae
1183 1167 1336 1260 moneor

224 1250 365 1329 Christi,
389 1272 468 1334 quae
496 1253 683 1334 negligitur
706 1254 811 1316 immo
844 1255 958 1317 verius
985 1254 1172 1336 imponitur
1265 1248 1271 1260 ’

222 1350 258 1413 in
283 1371 443 1432 magnam
461 1351 646 1435 cujuslibet
664 1350 869 1416 christicolae
892 1353 995 1432 regis,
1019 1353 1170 1418 maxime

222 1449 439 1527 demorantis,
448 1451 623 1515 infamiam
633 1458 668 1515 et
678 1451 877 1532 ignominiae
891 1470 1025 1532 magnae
1040 1461 1170 1518 notam.

222 1549 289 1613 Sed
306 1550 477 1613 nescimus
491 1551 605 1615 veniat
620 1569 689 1633 quo
701 1557 712 1586 ‘
724 1548 906 1633 peccat0,’¹
921 1550 1014 1632 quod
1027 1550 1070 1614 de
1080 1553 1171 1634 paci-

221 1648 296 1711 ficis
318 1649 444 1712 oblatis
468 1648 655 1726 humiliter,
673 1668 717 1713 ex
744 1651 870 1732 quihus
889 1668 1031 1730 surgere
1052 1652 1171 1718 debuit

222 1748 317 1828 pacis
333 1767 442 1826 amor,
452 1749 488 1811 in
505 1767 557 1824 eo,
568 1750 699 1831 quinos
712 1749 789 1812 sola
801 1748 981 1813 voluntate
992 1753 1169 1833 persequi-

222 1853 292 1922 tur,
311 1847 454 1930 maj0ris
470 1847 658 1910 iracundiae
673 1847 883 1930 majorisque
905 1846 1042 1911 duritiae
1060 1851 1168 1914 crevit

220 1951 345 2011 tumor.
398 1945 529 2011 Contra
551 1965 614 2010 nos
636 1953 752 2010 tamen
777 1945 875 2008 illum
900 1965 968 2009 nou
991 1959 1169 2028 provocat,

222 2044 299 2108 Deo
327 2052 363 2109 et
385 2045 595 2120 conscientia
620 2055 740 2109 nostra
770 2051 857 2108 teste
885 2045 997 2122 nobis,
1027 2046 1168 2130 aliquod

220 2142 350 2208 sactum
377 2153 532 2209 nostrum
549 2146 604 2209 vel
627 2150 873 2227 attemptatum
895 2163 956 2225 per
981 2164 1045 2208 nos
1073 2147 1167 2211 aliud

220 2250 340 2307 contra
367 2264 466 2324 eum3
489 2245 594 2308 immo
620 2244 737 2309 vident
763 2244 855 2307 oculi
880 2244 1009 2320 mundi,
1039 2246 1169 2326 publici

221 2349 326 2406 testes
342 2347 462 2420 nostri,
475 2344 640 2425 praefatus
652 2349 853 2425 persecutor
870 2351 998 2420 noster,
1012 2343 1169 2410 Franciae

219 2460 335 2522 regem
371 2462 408 2506 se
445 2443 638 2520 hominene,
665 2442 839 2506 damnosis
864 2441 999 2525 injuriis
1024 2451 1110 2524 quot
1133 2455 1168 2510 et

220 2542 359 2622 quantis
378 2562 442 2606 uos
462 2549 497 2606 et
520 2549 639 2606 nostra
662 2541 744 2625 jura
761 2540 920 2605 vulnerat
942 2550 977 2605 et
1004 2543 1165 2608 defalcat.

221 2639 337 2721 Ipsius
352 2641 489 2723 quidem
505 2642 603 2722 regni
621 2641 791 2716 Franciae,
809 2641 901 2722 quod
923 2641 975 2711 ad,
987 2661 1051 2705 nos
1075 2644 1167 2707 omni

218 2741 431 2804 successorio
452 2741 533 2824 jure
555 2741 710 2822 legitimo
733 2740 904 2822 pertinere
934 2742 1166 2821 cognoscitur,

217 2845 272 2902 est
286 2840 427 2903 invasor
441 2848 477 2902 et
494 2839 635 2903 illicitus
647 2845 835 2921 occupator
848 2864 857 2912 ;
876 2858 1020 2920 regnum
1040 2841 1165 2922 ipsum,

218 2937 309 3018 quod
336 2938 455 3002 debuit
478 2939 577 3002 nohis
597 2939 731 3002 vocatis
758 2936 814 3001 vel
839 2936 988 3000 defensis
1013 2939 1166 3020 legitime

218 3035 333 3101 debito
345 3037 435 3120 juris
454 3037 573 3100 ordine
597 3045 726 3120 petere,
742 3055 811 3100 non
830 3035 958 3099 veritus
983 3055 1164 3119 occupare,

218 3155 296 3198 cunr
312 3135 365 3198 vir
387 3155 540 3199 essemus
555 3144 590 3200 et
606 3137 698 3218 quod
719 3152 865 3216 persona
888 3153 1041 3198 essemus
1064 3138 1164 3221 cujus

218 3235 456 3317 principaliter
478 3236 661 3299 interesset
692 3233 824 3298 notorie
849 3239 980 3296 certum
1006 3242 1109 3312 esset,
1129 3245 1165 3302 et

216 3335 252 3396 in
279 3353 385 3416 regno
405 3335 518 3416 ipsum
533 3334 593 3418 jus
618 3342 774 3397 nostrum
791 3333 881 3396 foret
904 3342 973 3395 tam
991 3336 1164 3399 notorium

218 3452 321 3515 quam
346 3434 518 3498 communi
539 3433 619 3517 jure
640 3433 844 3511 fundatum
867 3433 1059 3514 supposito,
1074 3436 1165 3499 sieut

218 3533 391 3596 evidentia
412 3533 496 3596 facti
510 3533 637 3597 notorii
652 3531 901 3615 praesupponit,
913 3533 1005 3613 quod
1021 3534 1164 3599 celebris

218 3632 466 3695 reeordationis
484 3631 667 3715 Philippus
687 3632 767 3695 olim
786 3650 848 3694 rex
869 3629 1027 3694 Francius
1043 3639 1164 3714 ‘pater

217 3729 321 3793 clarae
338 3731 509 3795 memoria*¹
526 3730 643 3796 Caroli
662 3730 752 3812 regis
769 3725 955 3798 Franciae'²
967 3731 1163 3797 immediate

217 3828 382 3906 defuncti,
398 3838 434 3892 et
451 3831 675 3894 serenissimae
696 3827 843 3893 dominae
860 3827 1019 3892 lsahellae
1035 3832 1163 3912 reginae

217 3927 354 4010 Angliae
382 3928 502 3992 metris
528 3937 668 4004 nostrae,
693 3928 798 3991 suerit
824 3945 912 3990 evus
938 3935 1065 4005 noster,
1085 3948 1163 3992 eum

735 4123 887 4188 ²Supplied
908 4125 971 4174 from
991 4127 1033 4176 the
1054 4143 1120 4190 copy
1139 4131 1168 4179 ol

700 4196 750 4245 this
762 4196 825 4260 buli,
840 4196 975 4256 preserved
991 4197 1025 4258 by
1037 4197 1164 4261 Welsing-

701 4266 770 4324 hem,
781 4282 807 4327 p.
820 4268 876 4313 136.

250 4157 258 4191 ¹
276 4161 384 4224 ‘pacta'
397 4161 470 4210 Mss.
478 4161 618 4212 OolL'l'rin.
626 4161 677 4210 and

215 4229 283 4281 Cott.
295 4233 365 4280 Nero
377 4233 412 4282 D.
424 4233 452 4282 ii.
