3144 4990
428 490 599 546 wlurnai
622 494 670 544 us
693 489 978 545 unutuoauacu.
1109 481 1177 549 383

227 658 344 716 amen
369 655 414 718 ab
439 655 489 718 eis
515 654 783 719 emolumentum
811 653 963 735 racipere
986 647 1176 737 potuimus,
1190 665 1339 763 magester.
1374 657 1376 662 ·

225 748 309 832 quia
338 764 403 817 sua
426 768 495 817 non
523 761 642 818 nostra
668 753 808 833 negotia
836 759 997 817 curantes
1025 760 1060 816 et
1084 769 1175 818 com·
1189 747 1298 854 ὡ,
1324 748 1331 761 ’

227 851 332 915 moda
361 853 500 935 propria
530 859 708 928 curantes,
729 851 863 916 frivolis
891 853 1175 917 excusationibus
1187 853 1335 894 „merear

225 957 264 1012 et
290 949 417 1014 fucatis
445 953 627 1016 verborum
651 950 780 1028 faleris,
807 965 904 1013 suam
929 950 1109 1029 desidiam,
1132 903 1340 1020 nessoffflw

225 1047 382 1112 dicamus
411 1050 567 1116 fraudem
600 1043 655 1114 vel
688 1043 868 1123 malitiam,
898 1050 1103 1131 palliabant,
1126 1053 1174 1116 si-

227 1146 325 1210 miles
351 1141 552 1213 illusoribus
580 1150 651 1230 qui,
675 1155 715 1212 ut
742 1149 791 1212 ait
815 1149 957 1240 isaias,
987 1149 1174 1215 deridendo

227 1243 416 1324 ludificant,
457 1248 608 1312 dicentes
644 1247 803 1310 ‘Mando
839 1243 1017 1326 remanda,
1048 1251 1175 1313 manda

227 1345 406 1422 remanda,
428 1347 599 1411 modicum
628 1346 688 1422 ibi,
714 1346 886 1410 modicum
912 1345 1004 1412 ibi!¹
1060 1349 1174 1427 Unde,

227 1443 318 1525 proh·
344 1443 464 1509 dolor!
500 1445 712 1508 factumest
748 1451 788 1507 ut
822 1436 903 1506 dum
941 1442 1175 1528 triumphandi

225 1557 333 1624 super
367 1540 524 1608 inimicos
554 1550 693 1607 nostros
720 1542 888 1606 arrideret
915 1545 1014 1608 nobis
1044 1546 1174 1625 gratio—

227 1641 361 1705 sissime
399 1659 480 1724 spes
516 1643 724 1725 propinqua,
763 1642 973 1724 praevalente
1017 1647 1174 1726 pecuda,

227 1757 429 1820 cogeremur
456 1743 557 1808 inviti
586 1741 717 1822 treugis
745 1741 839 1803 initis
863 1743 1070 1819 consentire,
1096 1757 1173 1806 cum

227 1838 422 1903 verecunda
450 1847 578 1905 nostrae
606 1838 836 1921 expeditionis
872 1840 1105 1904 retardatione
1139 1851 1175 1906 et

226 1937 441 2002 exultatione
469 1958 538 2002 non
564 1939 702 2003 modica
729 1938 943 2001 aemulorum
1006 1939 1174 2004 Reversis

227 2036 327 2100 uobis
344 2037 378 2102 in
397 2036 609 2114 Flaudriam,
625 2051 703 2100 oum
720 2051 875 2099 essemus
898 2037 1044 2118 pecunia
1060 2039 1174 2115 vacui,

227 2142 264 2198 ct
284 2136 362 2198 aeris
385 2137 491 2200 alieni
518 2136 609 2200 mole
631 2136 837 2217 pressiaco
859 2143 1054 2216 ¹superesset
1076 2138 1173 2217 quic-

228 2248 333 2316 quam
358 2235 395 2298 iu
421 2237 548 2300 nostris
571 2243 632 2298 aut
654 2241 849 2299 nostrorum
872 2235 1057 2315 marsupiis
1082 2236 1172 2300 unde

226 2347 405 2414 possemus
444 2335 573 2398 nostris
614 2333 877 2396 necessitatibus
917 2333 1107 2410 consulere,
1136 2343 1173 2399 et

225 2430 343 2498 debita
383 2429 557 2515 'stipendia
597 2439 717 2496 nostro
743 2431 911 2512 obsequie
944 2430 1172 2497 militantibus

224 2543 383 2612 erogare,
420 2531 589 2614 compulsi
626 2543 748 2594 snmus
782 2545 967 2592 usurarum
1014 2527 1172 2613 voragini

225 2630 457 2712 submergere,
495 2639 531 2694 et
566 2630 727 2694 humeros
758 2643 954 2711 supponere
986 2630 1171 2696 cumulatis

226 2731 411 2809 generibus
433 2723 638 2794 debitorum.
681 2727 839 2793 Tandem
861 2736 1098 2792 convenerunt
1125 2730 1170 2793 ad

225 2841 289 2892 nos
307 2829 408 2891 amici
420 2828 550 2905 fideles,
565 2826 853 2910 peregrinationis
869 2835 997 2890 nostrae
1014 2827 1171 2904 comites,

226 2932 262 2988 et
290 2924 523 2991 tribulationis
554 2933 682 2989 nostrae
707 2925 905 3006 participes,
933 2939 1012 2988 cum
1046 2926 1171 3006 quibas

225 3030 415 3088 tractatum
455 3024 637 3088 habuimus
674 3022 876 3103 diligentem
905 3038 1008 3104 super
1041 3023 1171 3104 optatis

226 3123 385 3186 remediis
410 3123 539 3206 quibus
562 3141 585 3186 a
608 3129 707 3186 tanta
733 3119 998 3184 infortuniorum
1021 3128 1170 3202 tempes-

227 3229 300 3285 tate
317 3239 497 3304 possemas
514 3221 725 3285 commodius
740 3219 922 3301 respirare
975 3219 1100 3283 Visam
1118 3228 1172 3284 est
1197 3292 1199 3296 ¹

226 3321 383 3384 omnibns
410 3321 569 3403 prefatae
598 3319 842 3383 retardationis
869 3324 1034 3381 eventum
1065 3319 1172 3382 tristi-

226 3419 329 3482 bilem
346 3426 381 3482 et
393 3420 560 3500 egestatis
576 3425 704 3482 nostroe
721 3416 939 3480 incommoda
954 3416 1171 3498 multiplicia,

228 3517 332 3599 culpa
362 3519 418 3581 vel
441 3517 586 3595 desidia,
606 3537 650 3580 ne
680 3516 837 3580 dieamus
863 3515 1008 3592 malitia,
1035 3515 1170 3597 praelati

225 3615 485 3698 archiepiscopi,
507 3617 552 3680 de
586 3617 687 3699 cujus
722 3613 930 3678 discretione
964 3621 1040 3678 tota
1074 3615 1172 3696 regni

196 3783 197 3786 Ἴ
225 3717 336 3778 nostri
352 3715 533 3798 dispositio
550 3714 699 3796 pendere
711 3713 903 3790 videbatur,
918 3720 953 3777 et
965 3721 1171 3776 caeterorum

226 3812 422 3877 officialium
443 3825 532 3896 quos
555 3813 631 3897 ejus
651 3812 796 3876 consilio
822 3825 926 3893 super
948 3812 1057 3874 nestri
1074 3812 1172 3891 regni

225 3913 365 3992 negotia
392 3913 647 3988 constituimus,
670 3909 858 3988 accidisse;
891 3916 930 3972 et
949 3909 1173 3972 vehementer

225 4012 391 4074 mirantes
411 4030 455 4075 ac
477 4018 599 4074 contra
617 4027 683 4072 uos
704 4014 959 4070 murmurantes
980 4026 1085 4087 super
1106 4007 1173 4070 hoc

530 4227 537 4258 ¹
555 4217 876 4294 i1sauu‚mtrr.1o,1s.
