3178 4992
445 463 617 510 warram
642 463 688 509 nn
711 463 996 512 uaurncnuacu.
1130 451 1195 516 lm

240 618 329 680 citus
363 618 457 682 misit
489 619 615 682 ibidem
649 638 727 682 cum
759 620 884 685 comite
919 621 962 686 de
990 621 1193 699 Warenna,¹
1220 640 1309 680 musra
1320 641 1340 682 1.

240 715 348 780 mille²
373 718 505 782 scilicet
531 725 684 782 armatos
715 721 861 801 equites
892 728 928 784 et
953 721 1108 804 peditum
1134 691 1351 785 (ΙΘᾹΜζ

241 835 315 879 cem
345 816 463 882 miliia.
526 816 581 881 De
615 819 770 882 exercitu
804 819 910 882 etiam
945 819 1192 885 Dunolmensis

240 916 395 998 episcopi
416 923 555 980 centum
578 918 704 980 armati
726 919 963 985 mittebantur.
1020 919 1090 998 Qui
1113 941 1191 984 cum

241 1015 455 1080 obsedissent
488 1023 653 1094 castrum,
686 1018 807 1099 paucis
839 1025 955 1081 tamen
989 1019 1122 1096 diebus,
1156 1029 1192 1086 et

241 1115 369 1178 mutuis
398 1135 436 1179 se
467 1114 546 1179 telis
579 1122 614 1179 ct
644 1115 832 1180 insultibus
864 1119 1076 1195 visitassent,
1109 1121 1191 1183 novi

241 1221 434 1277 castrenses
459 1215 611 1292 attoniti,
634 1223 848 1296 rogaverunt
868 1224 908 1281 ut
937 1236 1100 1281 concesso
1127 1220 1189 1282 tri-

240 1312 308 1376 duo
337 1313 457 1379 liceret
481 1314 531 1377 eis
559 1333 675 1395 regem
700 1333 800 1378 suum
826 1322 1002 1398 expetere,
1028 1320 1092 1381 sub
1120 1337 1190 1400 qua

240 1412 435 1477 conditione
457 1432 494 1476 se
517 1413 599 1476 dare
622 1414 785 1477 deberent
807 1422 843 1478 et
862 1424 1013 1478 castrum
1036 1416 1188 1481 reddere.

240 1509 320 1588 Quo
344 1531 520 1588 concesso,
538 1520 573 1576 et
596 1513 711 1577 missis
736 1514 881 1592 nunciis,
897 1534 976 1578 ecce
996 1514 1050 1579 dia
1073 1515 1188 1591 tertio,

239 1613 299 1692 qni
320 1619 396 1675 erat
418 1612 492 1675 dies
509 1611 669 1689 Veneris,
689 1633 710 1676 a
726 1621 872 1694 captura
895 1613 938 1676 de
962 1612 1132 1697 Berewyk
1152 1615 1188 1677 in

240 1717 310 1774 tres
334 1711 557 1789 ebdomadas,
579 1713 676 1776 venit
702 1713 876 1776 exercitus
902 1714 1032 1777 multus
1058 1732 1080 1776 a
1107 1733 1188 1794 rege

240 1809 421 1875 Scotorum
440 1813 578 1888 missus,
596 1811 689 1876 mille
705 1813 885 1894 quingenti
908 1813 1136 1893 equitantium
1153 1820 1189 1876 et

241 1924 301 1974 xn.
325 1910 435 1974 millia
462 1911 628 1993 peditum,
654 1931 717 1993 per
742 1910 869 1974 clivum
894 1914 1020 1975 montis
1046 1912 1187 1975 descen·

239 2008 322 2072 dens
354 2029 399 2073 ex
430 2011 590 2092 opposito
624 2009 667 2073 de
702 2009 859 2087 Dnnbar‚
894 2019 1111 2094 praeparatus
1144 2011 1188 2074 ad

239 2108 367 2171 bellum
396 2129 459 2191 per
487 2117 619 2173 turmas
647 2129 739 2174 suaa.
791 2108 895 2187 Quod
919 2130 996 2174 cum
1023 2110 1191 2173 vidissent

240 2209 321 2271 novi
356 2216 563 2286 castrenses,
596 2217 631 2273 et
664 2230 708 2272 ex
743 2209 877 2273 visione
916 2209 978 2273 tali
1007 2208 1082 2291 jam
1116 2209 1189 2273 laeti

240 2307 363 2384 effecti,
378 2327 460 2373 mox
484 2329 602 2372 eorum
625 2308 755 2372 vexilla
769 2309 804 2370 in
822 2309 1091 2390 propugnaculis
1113 2327 1189 2372 cas·

239 2407 285 2469 tri
302 2415 499 2485 erexerunt,
521 2409 712 2472 clamantes
734 2408 777 2471 ad
804 2415 943 2472 nostros
966 2414 1002 2473 et
1025 2426 1084 2470 eos
1108 2426 1188 2488 pro·

239 2507 340 2570 brose
363 2515 527 2571 vocantes
550 2527 654 2571 canes
675 2508 842 2571 caudatos
864 2515 900 2572 et
920 2507 1006 2572 talia
1030 2525 1189 2589 quaeque,

238 2605 378 2689 insuper
410 2608 658 2671 comminantes
688 2608 724 2670 in
756 2614 900 2670 mortem
934 2615 969 2671 et
1001 2605 1188 2670 caudarum

239 2706 477 2770 abscisionem.
514 2707 616 2771 Tunc
631 2705 797 2770 ‘comes’s
812 2706 855 2769 de
871 2706 1059 2782 warenna,
1077 2707 1189 2787 assig-

240 2805 330 2868 natis
354 2807 471 2887 pueris
498 2813 699 2887 magnatum
722 2807 784 2887 qui
812 2825 889 2868 cum
912 2826 953 2870 eo
986 2813 1086 2870 erant
1110 2824 1189 2869 cum

240 2904 444 2985 quibusdam
476 2906 619 2969 armatis
653 2905 697 2969 ad
727 2905 938 2968 obsidionem
969 2905 1075 2969 castri
1107 2923 1189 2967 con-

241 3002 442 3068 tinuandam
463 3025 506 3068 ne
527 3005 644 3070 hostes
667 3005 815 3080 exirent,
837 3005 911 3085 ipse
934 3022 1012 3066 cum
1035 3004 1189 3066 exercitu

240 3103 377 3168 residuo
404 3105 558 3168 animose
586 3105 756 3186 processit
783 3103 827 3165 ad
850 3102 980 3167 hostes.
1034 3101 1190 3182 Cumque

238 3209 355 3266 noster
371 3205 545 3267 exercitus
567 3204 602 3266 in
620 3203 746 3269 vallem
770 3201 1008 3265 descendendo
1024 3207 1060 3264 et
1075 3209 1189 3264 trans-

240 3303 351 3365 eundo
375 3303 642 3386 circumquaque
668 3323 705 3366 se
728 3302 945 3379 diffunderet,
969 3307 1009 3364 ut
1030 3300 1081 3363 sic
1104 3299 1189 3363 faci-

239 3399 307 3463 lius
345 3403 537 3484 meliusque
576 3409 778 3485 properaret
816 3409 935 3465 mutuo
976 3399 1190 3481 congressui,

239 3501 424 3566 credebant
453 3502 547 3566 Scoti
575 3509 712 3565 nostros
742 3502 777 3564 in
805 3501 871 3564 boc
895 3501 1013 3582 fugam
1043 3500 1129 3562 inire
1155 3505 1190 3562 et

239 3606 339 3682 terga
353 3610 500 3678 vertere,
518 3609 555 3665 et
569 3602 832 3665 conclamabant
846 3601 882 3663 in
899 3607 1043 3663 mortem
1060 3618 1189 3674 eorum,

240 3698 511 3764 ‘insufflantes’⁴
536 3702 697 3764 cornibus
718 3708 753 3763 et
774 3707 978 3763 resonantes
1002 3698 1191 3762 ululatibus

238 3799 274 3862 in
290 3807 424 3864 tantum
440 3800 532 3882 quod
554 3800 716 3863 terribilis
734 3801 869 3864 sonitus
887 3818 1051 3862 cornuum
1069 3797 1192 3860 inserui

276 4024 369 4075 ¹J0bn
393 4027 572 4087 Plantagenet,
596 4026 656 4074 Earl
680 4024 708 4072 oi
730 4024 789 4072 who
809 4029 886 4072 states
912 4023 968 4070 that
985 4023 1028 4070 the
1048 4035 1119 4081 army
1138 4035 1194 4068 was

238 4097 345 4145 Warren
357 4097 407 4144 and
418 4097 522 4156 surrey.
730 4093 881 4154 dispatched
893 4107 925 4140 on
936 4092 978 4140 tbe
990 4090 1050 4140 alth
1062 4090 1090 4138 of
1098 4091 1182 4150 April.

274 4163 284 4193 ²
298 4167 361 4214 Two
376 4166 513 4225 thousand,
524 4165 661 4225 according
678 4168 704 4211 to
765 4160 775 4190 ³
792 4161 906 4211 Omitted
919 4162 945 4208 in
957 4161 1014 4210 MS.
1026 4159 1091 4209 Goll.
1104 4159 1175 4208 Arm.

239 4235 364 4283 Matthew
375 4236 403 4283 ot
412 4235 595 4296 Westminster‚
608 4251 634 4295 p.
647 4237 705 4294 427,
766 4230 776 4260 ⁴
792 4229 989 4292 ‘exsufflantes,'
998 4230 1054 4279 MS.
1063 4228 1195 4279 Gott'l'ib.
