3138 4988
413 451 480 516 822
780 462 988 512 cunculoou

255 639 308 680 rr
310 638 349 678 nr
360 636 404 678 rm
418 639 486 684 non
502 619 606 684 liceat
629 619 758 684 homini
775 619 818 683 de
833 619 1014 684 vitandis
1003 619 1139 704 injuriis
1163 619 1368 701 damnisque

267 691 295 730 Δ
301 689 328 728 n'
339 689 396 728 ¹³³⁹
418 719 575 794 certanti,
592 719 628 784 in
643 719 713 782 illis
728 719 920 801 praesertim
931 737 1010 799 quae
1025 718 1068 781 ed
1088 717 1170 782 vitae
1184 726 1369 800 statusque

255 783 359 822 bellerol

257 832 392 921 1(ιὲ
288 832 368 870 Er
420 818 552 882 radices
577 818 725 882 securim
763 837 890 898 ponere
919 818 1125 899 probabant.
1188 816 1292 880 Levis
1324 838 1369 881 ne

258 930 375 1026 513¹ssAE
421 917 738 999 trmordrclpoterit
751 924 812 979 aut
824 916 1018 997 vanus,qui
1030 916 1369 999 pronob1ss1poturt

258 1028 403 1118 ,ffil‘ffil
421 1016 683 1099 conjunctorum
707 1015 825 1079 nobis
833 1015 1018 1078 illustrium
1046 1015 1254 1096 fortiumque
1285 1035 1369 1079 con·

258 1129 382 1217 Qum·
354 1115 550 1178 martanda
584 1113 690 1179 corda
723 1121 919 1191 concutere,
946 1113 1058 1178 multo
1089 1113 1213 1176 fortius
1248 1113 1369 1179 debuit

422 1213 526 1278 etiam
553 1232 617 1278 nos
641 1221 781 1289 terrere,
804 1232 891 1293 quos
914 1211 1008 1276 solos
1029 1211 1259 1294 periculorum
1286 1232 1369 1276 con-

421 1319 524 1393 cepta
557 1312 734 1375 molimina
759 1312 1050 1374 concernebantl
1113 1309 1262 1391 Propter
1303 1311 1370 1376 hoc

421 1410 552 1490 igitur
536 1429 616 1493 Jure
630 1417 764 1474 naturae
780 1410 943 1485 dictante,
953 1409 1037 1473 sacti
1053 1416 1125 1473 tam
1141 1410 1251 1473 nostri
1262 1429 1368 1492 quam

422 1515 619 1573 nostrorum
636 1508 781 1592 jurium,
803 1527 872 1570 non
891 1509 1078 1572 voluntarii
1100 1508 1160 1571 sed
1184 1510 1369 1573 necessarii

422 1606 629 1684 defensores,
639 1626 681 1670 ac
694 1607 897 1689 opportunis
907 1607 1124 1671 cantionibus
1137 1608 1368 1684 attendentes,

419 1703 526 1788 juxta
550 1707 600 1769 rei
624 1706 783 1769 militaris
803 1705 1011 1770 documenta
1024 1707 1170 1787 probata
1184 1706 1370 1770 illustrium

423 1804 655 1885 antiquorum,
669 1803 760 1885 quod
781 1805 947 1885 potentire
965 1823 1102 1886 magnae
1118 1804 1271 1885 pericula
1289 1826 1371 1869 con-

422 1901 555 1982 spirata
571 1903 797 1985 periculosius
819 1911 1077 1984 exspectantur,
1094 1903 1130 1965 in
1146 1903 1276 1966 laribus
1299 1903 1370 1967 illis

423 2019 533 2081 nuper
563 2001 779 2065 currentibus
810 2001 855 2064 ad
895 2007 1023 2065 nostrae
1061 2001 1149 2065 lucis
1181 2010 1217 2065 et
1245 2002 1370 2066 salutis

422 2117 583 2164 occasum
621 2099 813 2164 consultius
846 2101 1002 2164 venimus
1030 2099 1067 2162 in
1103 2118 1294 2176 occursum,
1328 2122 1371 2166 ne

423 2205 544 2262 contra
560 2218 623 2261 nos
635 2199 724 2263 sorte
735 2198 971 2262 discriminoso
991 2199 1225 2280 procederent,
1241 2200 1301 2263 sed
1315 2202 1370 2264 sui

423 2304 522 2360 ortus
541 2296 812 2379 praesocarentur
829 2296 919 2373 loca,
935 2316 1053 2360 eorum
1069 2296 1149 2361 freti
1173 2298 1316 2362 consilio
1334 2309 1370 2364 et

426 2395 559 2459 anxilio
580 2397 679 2460 nobis
702 2396 831 2473 oblato,
853 2414 939 2476 quos
965 2395 1064 2460 nobis
1088 2397 1369 2477 consanguinitas

426 2502 461 2557 et
481 2491 629 2557 affinitas
655 2495 900 2577 conjungebat,
923 2501 958 2559 et
982 2493 1026 2557 ad
1047 2513 1134 2574 quos
1150 2496 1251 2558 simul
1272 2517 1369 2578 spec·

425 2592 549 2655 tabant
579 2591 755 2654 nobiscum
779 2592 941 2674 periculis
973 2598 1100 2656 nostrae
1130 2593 1371 2658 destructionis

426 2707 617 2765 occurrere,
633 2690 763 2770 illaque
776 2691 928 2754 consiliis
946 2698 981 2754 et
998 2692 1138 2754 auxiliis
1153 2710 1367 2774 praecavere;

425 2795 593 2869 ponentes
616 2789 651 2850 in
673 2807 777 2852 manu
807 2790 887 2865 Dei,
915 2809 1019 2872 quam
1044 2790 1079 2853 in
1108 2792 1264 2855 manibus
1287 2811 1370 2874 apo-

424 2886 558 2951 stolicae
575 2887 666 2950 sedis
678 2895 802 2951 vestrae
814 2888 868 2952 vel
884 2888 1029 2954 aliorum
1047 2890 1211 2953 bonorum
1221 2891 1371 2956 virorum

425 2985 655 3049 communium
687 3005 813 3068 ponere
848 2987 1023 3069 quondam
1047 2987 1220 3052 voluimus
1242 2988 1371 3071 justifi-

425 3093 551 3163 catam,
570 3093 737 3166 qnantnm
764 3086 951 3168 potuimus,
973 3077 1114 3150 causam
1141 3094 1307 3164 nostram,
1330 3095 1371 3152 nt

382 3259 394 3280 ἢ
426 3182 520 3264 Ipse,
548 3190 680 3264 rectum
716 3203 761 3248 ex
797 3184 869 3248 alto
904 3185 1128 3266 prospiciens,
1167 3187 1370 3250 sententiam

420 3281 554 3364 justam
577 3283 678 3358 ferat,
694 3291 729 3346 et
751 3283 788 3345 in
817 3283 872 3346 sui
891 3283 1000 3363 gladii
1014 3282 1145 3346 viribus
1167 3292 1369 3367 exequatur.

427 3379 515 3457 Nec,
537 3381 720 3457 credimus,
746 3381 836 3444 alme
858 3389 970 3462 pater,
993 3381 1085 3463 quod
1108 3383 1238 3445 arbiter
1259 3385 1372 3466 quivis

425 3485 551 3554 rectus,
567 3479 624 3542 rel
647 3480 751 3542 etiam
769 3480 879 3562 judex
898 3480 1028 3562 justus,
1053 3481 1104 3544 sic
1128 3481 1372 3562 interpretetur

426 3583 488 3638 aut
526 3583 688 3658 torqueat
724 3586 881 3642 nostrum
911 3578 1054 3655 factum,
1093 3587 1133 3644 ut
1172 3581 1265 3661 quod
1307 3601 1371 3664 pro

425 3680 621 3737 nostrorum
634 3675 779 3739 tuitione
793 3684 828 3740 et
841 3679 1058 3742 assecutione
1070 3677 1214 3761 jurium,
1223 3680 1258 3742 in
1273 3686 1372 3744 tanto
1467 3755 1469 3760 ,

424 3770 620 3837 discrimine
632 3781 786 3837 nostram
801 3775 943 3840 fecimus
958 3776 1002 3840 ad
1018 3776 1203 3853 defensam,
1216 3779 1371 3856 alterius,

423 3889 528 3952 quam
551 3892 619 3937 non
638 3873 859 3950 intendimus,
876 3895 945 3939 non
971 3875 1118 3956 agimus,
1135 3895 1198 3940 nec
1216 3897 1372 3958 agemus,

422 3977 520 4051 putet
550 3970 711 4055 injuriam
742 3973 797 4037 vel
823 3972 998 4038 offensam.
1051 3974 1163 4040 Immo
1190 3975 1372 4053 credimus,

421 4078 456 4133 et
477 4071 562 4133 certi
583 4091 714 4148 sumna,
731 4072 823 4154 quod
848 4073 931 4136 sacti
956 4074 1065 4137 nostri
1090 4074 1235 4138 intentio
1261 4082 1372 4138 atten-

421 4168 533 4245 detur,
549 4180 584 4232 et
612 4171 706 4252 quid,
730 4172 801 4246 ubi,
822 4190 862 4234 ac
889 4178 1032 4253 propter
1057 4172 1139 4253 quid
1167 4173 1372 4249 fiat,dehita
