3138 4988
364 415 432 480 348
737 425 949 474 cuoorucorr

206 603 297 646 riv-re
312 605 356 646 ιιι.
365 593 503 668 gentem
541 591 696 650 nostram
737 581 942 660 interlicere,
981 581 1083 646 villas
1122 581 1318 660 incendere,

206 655 482 750 chstra
511 693 742 766 prosternere,
771 690 808 746 et
833 689 956 745 contra
980 682 1070 745 vires
1092 681 1249 746 Freneiee
1279 690 1317 746 et

365 784 441 869 ejus
463 784 654 867 potentiam
680 782 718 846 in
739 799 862 863 campo
885 780 929 844 ad
955 782 1180 863 pugnandum
1202 781 1316 846 adbuc

204 901 342 942 rums
364 881 561 948 resistere.”
612 881 714 945 Tunc
751 898 813 944 rex
849 878 1009 944 Franciae
1044 900 1107 962 per
1150 880 1314 944 Sanctum

205 955 341 1050 misi*
365 979 563 1046 Dionisium
587 978 788 1064 juramento
821 978 985 1054 firmavit,
1015 979 1108 1060 quod
1138 979 1219 1043 licet
1251 999 1315 1042 rex

205 1054 355 1102 ‘'mm‘'
366 1079 505 1162 Angliae
522 1087 660 1162 gentem
675 1097 776 1143 snam
798 1077 992 1141 confusioni
1006 1097 1182 1160 exponere
1198 1078 1315 1154 vellet,

365 1181 440 1262 ipse
460 1187 589 1255 tamem
612 1197 690 1242 com
712 1195 829 1242 coram
854 1176 932 1240 Deo
954 1196 1018 1259 pro
1042 1183 1141 1242 tanta
1165 1178 1316 1241 stultitia

366 1279 600 1361 responderet,
617 1275 816 1340 nullatenus
830 1275 896 1339 boc
910 1275 1051 1340 faceret.
1102 1275 1204 1340 “Sed
1219 1277 1317 1340 rede-¹

366 1375 501 1452 amus,'’
516 1376 641 1457 inquit,
656 1380 679 1410 “
692 1383 729 1439 et
751 1393 815 1456 pro
837 1374 1016 1439 voluntate
1040 1382 1160 1439 nostra
1179 1375 1267 1438 alies
1282 1376 1316 1438 ci

366 1475 489 1540 melius
521 1475 662 1539 obviare
695 1473 895 1538 debemus.'’
948 1472 1105 1555 Cumque
1136 1474 1181 1538 ad
1212 1493 1316 1538 eures

367 1575 460 1658 regis
488 1570 627 1654 Angliae
655 1573 881 1654 pervenisset,
913 1572 1071 1637 militiam
1101 1571 1315 1637 Gallicorum

367 1675 418 1738 sic
436 1691 640 1754 regressam,
649 1671 841 1736 mirabatur
856 1671 892 1734 in
907 1670 1110 1736 immensum
1121 1673 1214 1755 quod
1229 1691 1318 1753 gens-

368 1773 572 1854 abantiquo
594 1777 665 1836 tem
683 1771 830 1846 famosa,
845 1772 1089 1836 conventiones
1110 1771 1221 1836 literis
1243 1771 1317 1834 suis

368 1871 558 1936 affirmatas
574 1892 640 1935 non
657 1877 845 1934 servasset.
886 1869 1061 1952 Regresso
1072 1871 1192 1952 itaque
1206 1890 1316 1952 usque

207 1995 325 2085 ffffle
368 1971 413 2035 sd
455 1971 621 2035 Sanctum
664 1969 870 2048 Quintinum
913 1989 995 2051 rege
1036 1970 1206 2047 Franciee,
1252 1989 1315 2034 rex

208 2095 311 2146 unone
369 2069 508 2154 Angliae
524 2070 593 2134 cito
611 2076 691 2152 post
706 2069 741 2132 in
758 2068 923 2150 Angliam
940 2068 1201 2134 transfretavit.¹

404 2279 547 2361 Qttoliter
561 2282 659 2366 Papo
673 2281 733 2347 ct'to
742 2289 816 2366 post
830 2279 892 2346 teo
911 2282 1037 2366 scripsit
1051 2281 1131 2368 Repe*
1144 2281 1279 2368 Aopliae.

208 2441 358 2539 mig*
422 2453 648 2519 Benedictus*
673 2455 868 2537 episcopus,
890 2473 1012 2518 servus
1035 2473 1213 2519 servorum
1237 2453 1317 2533 Dei,

208 2543 339 2632 ffiffl'
371 2552 549 2617 carissimo
572 2553 608 2616 in
636 2553 775 2618 Christo
800 2554 872 2617 filio
888 2553 1070 2630 Eduardo,
1086 2554 1160 2634 regi
1178 2553 1316 2636 Angliae

371 2651 510 2729 illustri,
540 2653 747 2717 salutemet
776 2652 1002 2734 apostolicam
1031 2653 1315 2718 benedictionem.

373 2751 465 2814 Dum
497 2751 679 2834 diligenter
706 2753 928 2828 attendimus,
957 2759 993 2816 et
1017 2751 1196 2834 profundis
1224 2754 1317 2835 cogi·

372 2849 562 2916 tatiouibus
586 2851 804 2928 meditamur,
830 2857 962 2934 quanto
989 2851 1114 2914 summi
1136 2857 1172 2914 et
1198 2853 1317 2917 aeterni

373 2948 483 3031 Regis
497 2951 602 3015 fuerit
615 2951 813 3030 benignitas
830 2957 866 3013 et
878 2943 1315 3016 misericordissimae'afflu·

368 3050 467 3114 ¹entis
496 3050 649 3132 pietatis,
675 3049 769 3131 quod
795 3048 928 3130 pridem
953 3050 1036 3125 tuis,
1053 3051 1229 3113 carissime
1255 3049 1316 3127 fili,

372 3156 408 3211 et
437 3149 605 3214 carissimi
635 3149 670 3214 in
703 3147 842 3213 Christo
870 3145 998 3212 ‘filii’³
1032 3149 1142 3213 nostri
1171 3149 1316 3214 illustris

376 3243 530 3312 Franciae
561 3247 653 3330 regis
690 3247 835 3330 ejusque
866 3247 1121 3330 colligatorum,
1150 3248 1317 3312 ordinatis

372 3345 523 3424 aciebus,
535 3355 569 3411 et
580 3347 728 3411 multum
740 3367 785 3412 ex
799 3347 993 3429 propinquo
1005 3347 1049 3410 cd
1062 3347 1316 3429 confligendum

372 3443 572 3508 terribiliter
602 3453 638 3508 et
674 3447 826 3509 animose
854 3446 1031 3528 dispositis
1061 3446 1141 3510 bine
1172 3453 1207 3510 et
1237 3447 1317 3511 inde

370 3550 490 3605 secuta
506 3563 575 3607 uon
590 3544 786 3608 exstiterint
795 3545 961 3626 pericula,
971 3564 1049 3627 quoe
1063 3552 1181 3610 tantus
1198 3545 1317 3627 fragor

371 3658 543 3704 armorum
584 3650 620 3705 et
664 3649 875 3707 armatorum
917 3645 1066 3727 impetus
1103 3646 1318 3725 minabatur;

371 3739 492 3803 Eidem
509 3739 650 3804 laudum
675 3741 886 3806 exsolvimus
905 3745 1089 3826 praeconia‚
1106 3764 1183 3808 cum
1201 3753 1237 3809 et
1254 3744 1319 3808 hoc

406 3929 414 3960 ¹
432 3929 544 3978 Edwnrd
552 3927 833 3992 returnedtoEngland
858 3931 958 3990 printed
976 3933 1001 3988 in
1021 3932 1136 3994 Rymer's
1156 3931 1274 3995 Foedere,
1292 3933 1320 3983 ii.

369 4013 402 4046 on
421 3998 464 4047 the
483 4003 540 4048 2lst
557 3999 586 4047 oi
602 3999 741 4062 February,
760 4003 833 4050 1340.
858 4000 1006 4063 noanon
1018 4002 1076 4050 MS.
1088 4001 1155 4051 Oott.
1167 4001 1236 4050 Otho
1248 4002 1319 4051 D.ii.

370 4067 475 4130 Rymer,
486 4069 604 4130 Foedera,
613 4069 641 4118 ii.
654 4072 726 4118 1115.
857 4069 941 4119 which
954 4072 1143 4133 manuscriptis
1155 4085 1212 4120 now
1223 4071 1280 4120 lost.

404 4138 415 4166 ²
434 4138 458 4184 Α
481 4153 545 4200 copy
568 4138 597 4186 oi
615 4139 666 4187 this
688 4140 831 4201 document,

369 4207 514 4268 containing
532 4208 629 4256 several
648 4209 792 4272 variatione,
809 4209 831 4258 is
891 4205 1106 4271 ³Supp1iedrrom
1114 4209 1172 4259 MS.
1183 4209 1319 4260 Harlbbb.
