3144 4990
402 483 469 547 3⁷4
776 494 987 545 1111111111

241 675 336 764 1115111
339 673 391 764 ,¹,¹,¹
404 653 472 739 ipsi
486 655 717 737 parliamento
737 651 970 718 iuterfuerunt
991 652 1170 736 praedieto,
1185 651 1275 716 sieut
1302 653 1358 716 in·

240 777 392 849 Μ
406 761 537 819 teresse
567 755 706 817 minime
732 754 951 828 tenebantur,
980 771 1043 816 nec
1074 767 1281 816 consensum
1310 751 1357 816 ad

241 858 391 956 gffigufm
406 854 509 918 dictae
528 871 629 917 nonae
656 852 824 934 portionis
850 851 1108 934 praestationem
1134 851 1358 933 aliquatenus

242 958 382 1056 mmm
407 955 653 1035 praebuerunt3
690 951 734 1014 de
768 951 940 1015 contrario
973 957 1009 1014 et
1044 950 1154 1035 aliqui
1190 951 1357 1014 malitiosi

243 1058 340 1098 ml*-
407 1053 563 1116 nituntur
578 1071 600 1114 a
622 1050 778 1133 praelatis
793 1058 829 1114 et
846 1049 1018 1131 aliquibus
1035 1048 1217 1129 religiosis,
1234 1050 1294 1131 qui
1310 1049 1357 1113 ad

312 1139 314 1144 ’
407 1150 616 1214 solutionem
630 1149 734 1233 hujus
745 1166 846 1214 nonae
862 1145 1114 1229 astringuntur,
1130 1155 1252 1212 contra
1269 1167 1359 1230 pree-

406 1250 501 1314 dicta
518 1247 684 1312 decimam
699 1249 839 1330 exigere
860 1253 1095 1311 memoratam.
1147 1245 1236 1310 Cum
1251 1247 1360 1328 igitur

407 1348 493 1411 nihil
508 1347 621 1429 magis
638 1349 799 1428 congruit
814 1346 975 1409 humanae
992 1345 1083 1422 lidel,
1100 1361 1205 1426 quam
1221 1365 1263 1409 ea
1279 1365 1359 1428 quae
1391 1365 1396 1370 ·

408 1447 602 1529 placuerint
635 1443 726 1508 inter
763 1453 881 1528 partes
919 1443 1064 1508 fideliter
1097 1443 1283 1521 custodire,
1315 1463 1359 1508 ac

408 1545 534 1626 gratia,
549 1562 628 1626 quae
652 1541 695 1608 de
712 1543 930 1608 concedentis
953 1543 1166 1625 benignitate
1189 1543 1359 1626 procedit,

408 1645 630 1726 recipientem
650 1641 829 1707 evidenter
844 1642 957 1706 reddit
975 1643 1146 1724 ingratum
1164 1643 1195 1706 si
1214 1643 1360 1707 vertitur

409 1743 445 1806 in
460 1743 618 1819 abusum,
633 1751 695 1806 aut
709 1741 955 1806 dominationis
969 1740 1153 1822 frugalitas
1174 1741 1360 1807 deducitur

411 1841 446 1904 in
474 1842 623 1919 irrisum,
654 1842 746 1924 quod
774 1859 846 1904 111
878 1847 1039 1904 11111111
1068 1841 1140 1903 suis
1170 1840 1296 1904 finibus
1320 1841 1358 1904 in

410 1939 572 2004 donantis
586 1940 744 2005 extendit
764 1940 961 2003 laesionem:
985 1957 1120 2004 necnon
1134 1939 1165 2002 si
1178 1940 1360 2021 praemissa

411 2040 461 2102 sic
486 2040 619 2116 fierent,
644 2035 882 2121 ’1111111111ι
906 2056 976 2101 111
998 2055 1163 2102 concessa
1183 2046 1359 2120 potestate

410 2137 526 2202 laicali
559 2138 834 2221 compelleretur,
863 2137 956 2218 quod
992 2138 1094 2214 absit,
1130 2137 1166 2199 in
1203 2138 1360 2201 ecclesiae

412 2245 541 2302 sanctae
557 2241 593 2301 et
607 2236 691 2302 cleri
712 2235 950 2320 praejudicium
970 2243 1174 2318 perpetuum
1192 2251 1234 2300 ac
1249 2237 1361 2300 mani-

412 2335 539 2400 festum
570 2354 770 2417 gravamen,
800 2334 900 2400 vobis
931 2336 967 2398 in
995 2336 1125 2399 virtute
1154 2335 1361 2400 obedientiae

413 2434 558 2499 firmiter
592 2434 803 2518 injungendo
841 2434 1043 2498 mandamus
1080 2442 1251 2516 quatenus
1280 2453 1361 2498 cum

413 2534 543 2597 abusus
574 2540 647 2596 tam
679 2534 714 2596 in
743 2533 896 2596 ecclesiis
926 2540 1056 2598 sanctae
1081 2534 1150 2598 Dei
1174 2535 1359 2616 perniciem

413 2650 517 2712 quarn
554 2631 707 2696 virorum
751 2630 1062 2696 ecclesiasticorum
1101 2634 1360 2697 subversionem

413 2729 533 2794 tendat
554 2729 654 2794 bonae
679 2729 759 2794 lidei
782 2729 979 2809 occultatae,
994 2749 1118 2795 nonam
1133 2751 1248 2796 rerum
1273 2749 1362 2814 pree·

413 2827 582 2893 dicturum
598 2831 643 2893 ab
660 2829 729 2893 illis
744 2830 828 2894 viris
851 2829 1093 2894 ecclesiasticis
1110 2832 1171 2912 qui
1191 2831 1361 2895 decimam

413 2929 627 3010 predictam,
645 2928 752 3013 juxta
784 2931 1038 2994 concessionem
1072 2929 1281 3014 hujusmodi,
1309 2937 1363 2994 te-

412 3037 539 3093 nentur
551 3028 685 3093 solvere
700 3028 793 3093 dicto
804 3029 944 3092 domino
961 3036 1079 3093 nostro
1095 3031 1181 3111 regi,
1193 3029 1359 3094 decimam

412 3147 496 3192 vero
523 3129 567 3193 ab
591 3127 668 3192 aliis
698 3129 781 3193 viris
809 3125 1050 3192 ecclesiasticis
1074 3129 1134 3210 qui
1160 3129 1206 3194 ad
1233 3145 1361 3192 nonam

411 3227 611 3308 praedictam
633 3226 743 3292 eidem
766 3226 905 3290 domino
922 3233 1043 3291 nostro
1058 3228 1131 3309 regi
1147 3227 1361 3308 solvendam,

414 3333 453 3389 ut
467 3326 698 3408 praemittitur,
717 3326 862 3402 astricti,
886 3326 981 3406 exigi
997 3326 1053 3390 vel
1068 3326 1177 3392 levari
1190 3325 1226 3390 in
1241 3334 1363 3392 vestra

414 3421 646 3489 londoniensi
671 3425 812 3490 dioecesi
835 3425 1032 3489 nullatenus
1056 3426 1277 3507 permittatis,
1300 3425 1363 3490 sed

413 3531 594 3588 exactores
609 3523 817 3606 hujusmodi,
837 3525 867 3587 si
887 3543 1012 3588 nonam
1027 3525 1084 3588 vel
1109 3525 1277 3589 decimam
1301 3543 1364 3589 su·
1482 3590 1485 3596 ,
1564 3567 1565 3572 1

414 3622 605 3702 predictam
628 3624 673 3686 ab
699 3622 894 3705 hujusmodi
916 3623 1000 3688 viris
1025 3624 1266 3688 ecclesiasticis
1292 3625 1363 3690 alio

414 3721 517 3783 modo
533 3739 639 3802 quam
655 3722 876 3803 praemittitur
891 3723 1085 3804 exegerint,
1108 3741 1170 3806 per
1187 3743 1362 3805 quascun-

414 3839 481 3902 que
496 3837 660 3884 censuras
674 3821 927 3886 ecclesiasticas
944 3823 1109 3886 canonice
1133 3823 1362 3906 compellatis.

415 3919 518 3998 Quod
541 3920 571 3983 si
588 3929 768 3986 exactores
791 3921 1000 4005 hujusmodi,
1016 3922 1257 3986 ecclesiasticis
1279 3941 1364 3988 con-

416 4019 554 4102 temptis
585 4021 751 4098 censuris,
780 4022 880 4085 nobis
910 4040 1031 4103 parere
1059 4041 1129 4086 non
1153 4022 1364 4102 curaverint,

678 4243 686 4274 ¹
705 4245 805 4295 ‘clerus
817 4243 869 4308 ad,’
880 4245 938 4295 MS.
952 4247 1028 4297 Harl.
1041 4251 1098 4298 655.
