3144 4990
394 471 564 522 wanrnru
591 473 640 522 nn
663 473 947 523 nrurueauacn.
1093 459 1159 524 399

119 699 122 706 ,
204 628 337 694 faciant
361 619 587 695 voluntatem.
640 628 843 696 cardinales
871 617 1013 713 insuper
1042 640 1160 714 partes
1173 650 1264 691 nauare
1278 649 1321 690 111.

206 748 288 793 suaa
311 728 493 810 diligenter
514 736 692 810 apponant
720 749 783 811 pro
807 730 1023 796 absolutione
1052 701 1318 823 Plan-ff&

206 828 393 904 drensium,
420 837 454 892 et
482 829 663 912 sententiis
692 848 779 910 quas
811 831 1030 894 incurrerunt
1064 851 1160 895 amo·
1173 836 1274 932 ggffi

207 927 341 1004 vendis,
358 936 395 991 et
419 927 512 1009 qued
537 929 597 992 via
617 929 707 992 bena
731 935 767 992 et
791 929 1008 994 rationabilis
1030 931 1160 994 inveni·
1173 935 1312 974 ”diw-

209 1035 290 1090 atu-r
327 1028 461 1093 curiose
499 1027 591 1092 vices
630 1045 713 1094 suas
751 1027 984 1110 interponant.
1016 1029 1162 1094 'Comes

211 1126 387 1190 Flandriae
404 1127 493 1192 sieut
510 1125 669 1190 dominus
682 1126 829 1192 durante
847 1134 970 1208 treuga
985 1139 1163 1196 remaneat

209 1226 244 1289 in
269 1225 443 1302 Flandria,
458 1225 509 1290 ita
533 1232 649 1290 tamen
665 1225 757 1307 quod
780 1226 846 1290 hoc
868 1227 930 1291 fiat
951 1227 994 1292 de
1018 1247 1162 1293 assensu

210 1324 331 1406 populi
348 1324 533 1389 Flandriae.
585 1324 622 1387 Si
638 1343 719 1388 vero
736 1326 845 1407 aliqui
860 1325 896 1388 in
907 1326 1091 1392 ¹Vaacnnia
1106 1328 1162 1392 vel
1220 1403 1226 1416 ι

212 1423 306 1500 alibi,
328 1425 484 1490 durante
510 1430 645 1504 treuga,
670 1424 789 1489 vicinis
818 1425 889 1490 suis
914 1425 977 1491 ¹vel
1016 1427 1162 1490 inimicis

211 1525 322 1606 partis.
335 1523 489 1588 adversae
506 1542 666 1604 guerram
681 1525 861 1597 suscitent,
878 1525 962 1589 dicti
986 1544 1085 1608 reges
1101 1545 1163 1590 nec

104 1703 106 1706 Ι
212 1641 275 1705 per
302 1642 340 1687 se
360 1641 435 1689 nec
463 1642 526 1705 per
554 1623 652 1698 alios,
676 1623 805 1686 directe
832 1624 888 1687 vel
918 1623 1097 1702 indirecte,
1125 1645 1164 1689 se

214 1721 412 1786 nullatenus
435 1722 764 1798 intromittentem
787 1723 830 1787 ob
853 1722 919 1787 hoc
935 1729 1067 1804 treugae
1089 1726 1164 1790 vio·

214 1821 295 1885 latae
320 1821 393 1886 sint
417 1840 481 1892 nec
500 1819 647 1886 infectae.
698 1821 793 1886 Dieti
817 1841 899 1885 vero
923 1841 1024 1904 reges
1047 1831 1164 1904 partes

214 1939 297 1984 suas
324 1919 506 2002 diligenter
532 1920 606 1983 sine
633 1919 755 1982 fraude
780 1927 968 2002 apponant,
994 1923 1164 1986 neurius

215 2019 326 2102 partis
355 2019 497 2095 subditi,
528 2019 675 2088 durante
707 2025 842 2100 treuga,
876 2021 967 2100 parti
999 2021 1100 2084 alteri
1129 2023 1164 2085 in

216 2119 395 2184 Vasconia
409 2127 445 2183 et
460 2119 642 2186 Britannia
662 2136 822 2198 guerram
842 2127 1003 2183 moveant
1025 2140 1164 2203 quoquo

213 2218 336 2283 medo:
366 2237 429 2281 nec
445 2217 628 2299 ‘aliquie'¹
657 2217 715 2280 uni
739 2218 831 2298 parti
859 2218 1052 2296 adhaerenS,
1083 2240 1165 2302 pen-

215 2317 320 2382 dente
337 2326 470 2398 treuga,
486 2317 577 2399 parti
590 2317 694 2381 alteri
714 2316 827 2383 foedus
849 2318 935 2382 inire
956 2319 1030 2382 sive
1047 2320 1165 2382 amici-

216 2417 302 2482 tiam
325 2415 622 2498 ‘permittatur:'²
655 2435 719 2480 nec
745 2416 847 2486 detur
868 2417 922 2480 vel
944 2419 1166 2499 promittatur

215 2518 412 2598 quicquam,
429 2517 575 2584 durante
601 2511 737 2596 treuga,
762 2515 891 2581 directe
918 2516 972 2580 vel
1001 2517 1165 2582 indirecte

217 2635 281 2698 pro
297 2635 425 2697 guerra
445 2614 657 2691 suscitanda,
680 2624 715 2679 et
738 2622 809 2678 tam
829 2634 891 2696 per
910 2625 1037 2680 terram
1061 2635 1165 2698 quam

218 2735 281 2798 per
301 2735 396 2780 mare
422 2722 552 2795 treugae
578 2714 721 2778 firmiter
745 2715 790 2781 ab
814 2715 971 2780 omnibus
994 2716 1064 2779 sint
1085 2735 1166 2780 con-

217 2823 386 2894 servatae3
408 2815 443 2878 in
461 2814 639 2878 Vasconia
665 2832 747 2878 vero
772 2820 808 2876 et
829 2815 865 2876 in
888 2814 1053 2878 Flandria
1077 2815 1168 2879 infra

214 2912 412 2994 quindecim
435 2913 520 2989 dica,
540 2914 575 2976 in
589 2910 718 2992 Anglia
735 2919 770 2974 et
784 2911 1005 2976 Scotiainsra
1019 2914 1169 2995 quadra·
1265 2947 1268 2950 ·

219 3013 319 3092 ginta
333 3013 406 3076 dies
424 3019 555 3093 treugae
571 3018 736 3074 maneant
754 3010 987 3092 proclamata.
1039 3012 1169 3076 Omnes

110 3121 114 3130 '
218 3111 351 3193 captivi
372 3112 482 3192 partis
502 3111 682 3192 utriusque
703 3109 924 3174 aDominica
941 3116 1022 3176 ante
1042 3111 1169 3176 festum

217 3208 339 3276 Sancti
373 3210 548 3276 Vincentii
578 3209 738 3290 proximo
766 3209 942 3290 praeterita
973 3230 1084 3292 usque
1125 3211 1169 3274 ad

222 3310 312 3374 diem
338 3317 542 3392 praecurem
559 3309 602 3372 de
624 3308 820 3372 carceribus
841 3308 956 3373 libere
975 3310 1170 3394 ejiciantur,

220 3411 311 3474 bona
325 3415 426 3490 rapta
440 3407 638 3486 reddantur,
654 3414 689 3472 et
703 3407 813 3484 liberi,
827 3415 932 3490 prout
946 3410 1035 3474 ratio
1050 3410 1171 3491 exigit,

220 3509 450 3574 dimittantur.
514 3507 624 3576 Nulla
659 3515 878 3584 nocumenta,
916 3507 1035 3574 ‘vei’⁸
1072 3511 1168 3574 inva-

221 3607 349 3685 sioneS,
377 3608 524 3672 durante
550 3614 673 3688 treuga
698 3607 789 3670 inter
812 3614 929 3690 partes
948 3609 985 3672 in
1008 3608 1171 3692 praejudi-

222 3707 461 3788 cium-treugae
477 3707 568 3770 dant
586 3706 639 3774 vel
659 3706 870 3788 despectum.
922 3708 1019 3772 Dicti
1035 3727 1172 3791 queque

223 3825 322 3888 reges
345 3815 381 3872 et
402 3807 453 3870 eis
474 3807 700 3882 adhaerentes,
721 3806 868 3870 durante
891 3813 1027 3886 treuga,
1052 3809 1088 3872 in
1111 3808 1174 3871 tali
1220 3895 1222 3903 J

257 4013 415 4066 ¹Amended
437 4017 502 4066 from
523 4017 580 4066 MS.
608 4017 683 4065 Harl.

222 4089 287 4147 6553
304 4087 380 4136 MSS.
393 4083 581 4148 read‘aliqui.'
747 4081 899 4148 'Supplied
931 4085 995 4133 from
1018 4082 1075 4134 MS.
1100 4085 1176 4136 Harl.
1233 4109 1235 4114 ·

256 4156 417 4205 ²Amended
441 4157 507 4204 from
528 4155 585 4204 MS.
610 4153 685 4203 Harl.
714 4158 772 4204 655.

221 4229 287 4288 655;
306 4227 383 4292 MSS.
394 4227 455 4275 read
465 4220 675 4288 ‘permittantur’
