3138 4988
404 449 471 514 33⁴2
777 463 986 512 cnnourcou

245 643 334 686 arsur
350 642 394 682 111.
407 643 470 686 nos
485 632 520 688 te
540 627 717 703 nunquam
740 620 993 698 offenderimus,
1010 640 1073 684 nec
1091 605 1219 682 contra
1234 627 1268 682 te
1291 619 1357 682 ali-

245 693 394 824 Βῒῃῗίιξίἰθ
406 722 488 804 quid
506 721 708 799 fecerimus;
732 724 930 802 quanquam
954 728 988 782 et
1009 719 1242 783 intelleximus
1267 718 1357 780 salso

243 825 348 916 {322¹st
406 829 441 884 et
472 821 681 884 mendaciter
714 827 916 900 suggestum
942 819 1006 882 tibi
1035 839 1096 900 per
1128 837 1187 880 eos
1219 818 1279 898 qui
1310 826 1356 890 te,

406 920 555 983 salutem
573 926 608 982 et
623 917 786 981 honorem
805 925 903 980 tuum
920 917 1060 980 minime
1075 917 1224 998 diligunt
1239 916 1355 990 fuerit,

403 1019 495 1099 quod
543 1036 607 1080 nos
648 1017 826 1080 carissimo
866 1017 902 1078 in
939 1015 1079 1080 Christo
1123 1015 1193 1078 filio
1236 1018 1356 1077 nostro

405 1115 567 1198 Philippo
582 1117 655 1196 regi
671 1115 827 1178 Franciae
840 1114 978 1190 illustri,
990 1115 1025 1177 in
1040 1114 1206 1178 auxilium
1219 1132 1354 1194 guerrae

402 1234 488 1292 suae,
518 1216 692 1295 ingentem
718 1214 873 1296 pecuniae
898 1215 1127 1294 quantitatem
1155 1213 1198 1274 de
1236 1220 1355 1274 nostra

403 1333 542 1378 camera
566 1313 774 1389 dederimus,
802 1313 963 1394 qnodque
995 1311 1243 1376 institutionem
1277 1330 1356 1391 per-

403 1432 567 1478 sonarum
595 1412 904 1476 ecclesiasticorum
934 1429 1213 1475 concesseramus
1244 1409 1354 1472 eidem

404 1512 438 1572 in
467 1512 624 1574 omnibus
651 1510 804 1574 ecclesiis
829 1510 928 1591 regni
952 1511 1018 1586 sui,
1046 1528 1125 1590 quae
1155 1509 1354 1572 omnimoda

404 1629 521 1672 carere
554 1610 703 1672 veritate
732 1617 943 1688 noscuntur3
973 1609 1058 1673 talia
1085 1613 1234 1690 namque
1266 1627 1355 1669 nun-

404 1727 508 1790 quam
540 1709 717 1789 postulata
749 1708 887 1771 suerunt
919 1724 941 1771 a
969 1708 1080 1781 nobis,
1107 1727 1170 1770 nec
1200 1727 1242 1770 ea
1270 1725 1353 1769 con-

404 1808 627 1870 cessissemus
667 1807 924 1888 quomodolibet
960 1827 1038 1870 cum
1086 1813 1354 1886 quantacunque

404 1907 567 1970 instantia
590 1907 699 1987 petita
715 1904 883 1982 fuissent3
908 1924 970 1968 nec
994 1905 1143 1969 decimas
1167 1912 1289 1969 contra
1317 1913 1353 1967 te

404 2006 478 2086 regi
506 2004 661 2070 Franciae
689 2005 930 2079 concessimus
949 2003 1010 2068 sed
1035 2004 1200 2068 adversus
1222 2003 1353 2066 Teuto-

403 2105 499 2168 nic'os
510 2101 736 2167 ‘Ludovico’¹
750 2103 965 2167 adhaerentes
981 2103 1159 2184 praedicto,
1173 2103 1352 2184 ipsiusque

403 2203 556 2268 ecclesiae
588 2202 758 2266 Romanae
784 2202 953 2278 inimicos,
979 2203 1039 2283 qui
1066 2201 1109 2264 ad
1138 2203 1350 2265 invasionem

402 2304 498 2383 regni
516 2302 673 2364 Franciae
691 2321 741 2378 se,
759 2309 798 2364 ut
824 2301 974 2364 babebat
995 2305 1113 2364 rumor
1136 2301 1295 2382 publicus
1316 2309 1353 2363 et

402 2402 569 2476 notorius,
582 2400 823 2482 disponebant,
845 2401 935 2463 sicut
956 2399 992 2464 in
1015 2400 1235 2464 concessione
1260 2400 1351 2464 deci·

401 2519 534 2564 marum
557 2500 710 2579 ipsarum
732 2500 927 2563 continetur
950 2517 1125 2579 expresse.
1179 2497 1261 2562 Non
1286 2497 1352 2562 fuit

401 2618 524 2681 nempe
543 2605 670 2661 nostrae
691 2597 892 2664 intentionis
914 2599 1078 2662 adversus
1102 2605 1136 2660 te
1161 2597 1350 2660 fomentum

401 2698 592 2760 ministrare
618 2696 798 2760 discordiae
815 2696 891 2760 ‘vel
907 2717 983 2762 eam
994 2695 1020 2731 ’²
1043 2696 1189 2779 alicujus
1206 2697 1351 2760 subsidii

401 2795 696 2860 administratione
718 2795 859 2872 fulcire3
884 2796 1071 2877 quinimmo
1094 2803 1224 2860 statum
1250 2797 1348 2875 regni

401 2896 475 2960 ‘tui
485 2893 511 2928 ’³
527 2904 562 2958 et
580 2895 683 2959 etiam
699 2896 797 2976 regni
816 2895 984 2972 Franciae,
995 2895 1098 2976 pacis
1108 2902 1142 2958 et
1156 2894 1347 2957 concordiae

402 2995 630 3076 prosperitate
666 3001 702 3058 et
732 2995 958 3060 unanimitate
985 2994 1090 3078 potiri
1118 2992 1259 3056 summis
1288 2994 1347 3066 de·

400 3095 534 3158 sideriis
566 3093 779 3168 affectantes,
812 3094 855 3156 ad
890 3094 967 3170 boc,
998 3093 1178 3156 serenitati
1210 3095 1280 3156 tuae
1312 3099 1348 3156 et
1399 3093 1404 3104 '

391 3193 493 3258 dicto
508 3195 582 3274 regi
600 3193 756 3256 Franciee
772 3212 834 3274 per
857 3212 920 3256 nos
946 3212 1039 3273 saepe
1060 3192 1201 3256 directis
1223 3191 1345 3268 literis,

400 3302 435 3356 et
460 3294 564 3357 etiam
591 3293 736 3364 nunciis,
763 3292 922 3356 videlicet
948 3299 1078 3356 sanctae
1107 3291 1277 3356 Romanae
1294 3310 1348 3354 ec·

401 3393 516 3456 clesiae
549 3392 781 3456 cardinalibus
811 3390 856 3454 ad
891 3400 1008 3472 partes
1047 3390 1126 3453 illas
1161 3389 1203 3452 de
1237 3389 1346 3454 latere

401 3503 519 3554 nostro
551 3490 677 3565 missis,
709 3491 801 3552 votis
835 3490 1036 3552 ardentibus
1071 3488 1281 3565 laboramus,
1311 3498 1347 3552 et

399 3589 516 3652 labore
538 3607 607 3650 non
631 3607 816 3664 cessamus,
842 3609 906 3653 nec
937 3588 1160 3662 cessabimus,
1189 3593 1227 3650 nt
1257 3587 1346 3651 inter

399 3694 433 3752 te
450 3694 485 3749 et
500 3705 616 3767 regem
638 3687 780 3750 eundem
809 3694 845 3750 et
867 3688 1045 3769 utriusque
1063 3704 1182 3768 regna,
1198 3687 1293 3767 pacis
1311 3695 1346 3750 et

399 3786 542 3854 unitatis
576 3786 745 3852 serenitas
782 3785 971 3852 illucescat.
1034 3787 1090 3852 Tu
1128 3792 1256 3860 tamen,
1296 3786 1346 3852 lili

433 3994 440 4024 ¹
456 3997 616 4048 ‘Ludovicce
625 3995 773 4058 Ludovico,'
781 3996 858 4044 MSS.

397 4068 463 4118 Goll.
473 4068 561 4130 Magd.
571 4066 622 4116 and
629 4065 696 4116 cott.
706 4067 776 4116 Nero
785 4066 820 4116 D.
829 4066 858 4115 ii.
918 4064 929 4098 ³
946 4065 1060 4116 Omitted
1067 4066 1094 4114 iu
1101 4064 1177 4114 MSS.
1182 4063 1247 4115 coll.
1255 4065 1346 4126 Magd.

430 4135 511 4188 '‘tui
539 4138 581 4186 vel
606 4131 665 4198 eos,'
693 4137 770 4186 MSS.
792 4135 859 4188 0011.
885 4137 935 4186 and
947 4135 1013 4186 coti.
1026 4135 1096 4184 Nero
1108 4135 1143 4186 D.
1156 4134 1183 4184 ii.

397 4207 486 4268 Magd.
498 4207 549 4254 end
560 4206 627 4255 Gott.
641 4206 711 4254 Nero
722 4206 757 4256 D.
770 4206 797 4253 ii.
