3138 4988
433 487 500 554 278
828 503 1038 554 οιιιιοιιιοοιι

284 674 375 714 mnu
383 675 415 716 1¹
435 679 517 743 rege
540 667 683 745 propter
706 651 871 726 Petrum.¹
924 658 1113 727 Servitium
1138 668 1254 726 autem
1282 679 1385 724 suum

277 808 418 858 ,mm
384 727 698 838 ¹'mandaverunt
715 762 782 825 et
772 760 838 844 rpsi
862 779 942 826 cum
963 761 1102 826 dondno
1124 760 1384 843 archiepiscopo

276 817 418 950 mm
438 859 681 926 cantuariensi
700 859 886 925 Londoniis
906 860 1051 925 viriliter
1072 861 1275 925 insisternnt
1293 860 1386 924 circa

438 959 671 1025 ordinationes
685 977 779 1024 suas.
818 959 876 1023 lta
889 959 983 1042 quod
997 959 1053 1024 die
1065 959 1228 1024 Omnium
1240 959 1385 1024 Sancto·

438 1079 515 1123 rum
546 1060 624 1142 ipse
648 1060 811 1124 'dominus
849 1059 1130 1142 archiepiscopus
1165 1059 1202 1123 iu
1238 1058 1386 1123 ecclesia

439 1158 558 1224 Sancti
574 1157 677 1223 Pauli
691 1159 891 1234 Loudoniis‚
906 1159 1000 1224 intra
1019 1160 1204 1232 missarum
1219 1150 1387 1223 solemnia

438 1277 517 1341 qnae
528 1257 728 1334 celebravit,
742 1258 835 1322 sacto
849 1255 1007 1323 sermone
1017 1257 1062 1326 ad
1079 1258 1258 1341 populum,
1271 1275 1387 1322 coram

440 1356 525 1440 ipsis
542 1358 736 1434 comitibus,
753 1375 832 1421 cum
849 1358 1008 1423 omnibus
1024 1355 1251 1439 suffraganeis
1265 1355 1337 1420 suis
1352 1355 1388 1419 in

440 1454 696 1539 pontificalibus
721 1455 907 1534 revestitis,
934 1452 1245 1523 excommunicavit
1271 1473 1389 1520 omnes

441 1555 666 1639 impedientes
682 1555 918 1622 ordinationes
939 1575 1032 1635 snas,
1051 1554 1105 1622 vel
1122 1575 1240 1621 eorum
1255 1549 1389 1619 sec-'reta

443 1656 638 1720 revelantes
654 1656 691 1720 in
707 1663 783 1721 toto
797 1655 855 1720 vel
870 1657 905 1719 in
920 1664 1031 1740 parte,
1046 1672 1159 1738 usque
1174 1656 1219 1721 ad
1232 1649 1386 1719 commu·

443 1774 521 1818 nem
545 1755 730 1820 earundem
751 1755 1040 1839 publicationem
1072 1755 1279 1839 adjecitque,
1296 1752 1389 1836 quod

445 1855 596 1919 omnium
633 1862 708 1919 erat
744 1855 979 1920 unavoluntas
1003 1855 1163 1919 ordinare
1198 1854 1283 1918 talia
1309 1872 1389 1934 quae

445 1961 560 2018 essent
576 1953 620 2018 ad
637 1954 802 2020 honorem
819 1955 898 2032 Dei,
913 1954 1161 2020 exaltationem
1178 1953 1331 2018 ecclesiae
1354 1961 1391 2017 et

283 2067 375 2160 ἕξω
445 2051 555 2136 regni,
573 2059 608 2118 et
625 2073 840 2118 communem
858 2054 1008 2135 quietem
1028 2053 1156 2136 populi.
1209 2053 1289 2116 Rex
1307 2071 1390 2117 vero

284 2169 382 2258 gum
357 2167 433 2208 auto
446 2172 523 2217 cnm
535 2171 607 2216 suns
617 2153 813 2236 profectus
804 2173 839 2216 m
850 2152 1014 2230 Scotiam,
1025 2160 1060 2216 et
1073 2151 1189 2216 nullo
1179 2157 1320 2216 invento
1329 2152 1390 2215 ob

286 2270 344 2317 sent
368 2218 390 2265 α’
447 2253 580 2317 stnculo
582 2252 827 2335 ,consumpsit,
840 2251 1040 2328 combussit,
1050 2258 1085 2315 ct
1100 2251 1390 2334 omniaquaecuu·

448 2371 516 2434 que
527 2351 638 2418 voluit
651 2352 744 2429 fecit,
755 2371 865 2434 usque
881 2351 923 2415 ad
941 2369 1035 2416 mare
1048 2350 1195 2430 Scotiae3
1220 2359 1256 2414 et
1271 2369 1392 2432 super·

340 2495 344 2502 .
447 2451 562 2515 niente
594 2450 704 2516 hieme
737 2471 895 2518 reversus
920 2458 973 2516 est
1003 2469 1112 2533 usque
1140 2450 1185 2521 ad
1212 2447 1391 2520 Berewiclr

447 2568 552 2631 super
566 2549 735 2627 Tnedam,
751 2557 787 2615 et
803 2550 967 2616 hiemavit
986 2549 1034 2616 ibi
1055 2569 1133 2616 cum
1148 2550 1269 2631 regina
1283 2567 1393 2616 uxore

448 2655 562 2714 suaet
577 2649 798 2730 magnatibus
814 2651 897 2714 suis.
949 2648 1164 2714 Adveniente
1179 2669 1262 2716 vcro
1276 2667 1393 2714 meuse

287 2758 312 2796 Α
323 2757 350 2794 ⁰·
360 2755 417 2793 ¹³¹¹
449 2747 581 2825 Martii,
608 2749 715 2831 coepit
736 2769 799 2813 rex
821 2749 977 2832 equitare
1004 2748 1040 2812 in
1061 2748 1236 2827 Scotiam3
1259 2753 1294 2812 et
1315 2767 1394 2812 cum

288 2825 415 2912 {ilitm
381 2871 423 2910 ik.
448 2847 581 2912 nullum
597 2848 786 2916 invenisset
807 2847 1035 2925 obstaculum,
1049 2847 1314 2929 defeceruntque
1331 2865 1394 2928 pa·

448 2947 512 3010 lece
527 2967 590 3030 pro
607 2948 737 3030 pabulo
759 2966 937 3030 equorum,
953 2966 1112 3014 reversus
1133 2954 1187 3011 est
1207 2946 1333 3014 iterato
1347 2946 1394 3010 ad

450 3046 631 3112 Bercwick
649 3054 697 3136 ¹ct
729 3048 855 3112 mansit
880 3045 1017 3112 ibidem.
1071 3046 1237 3129 Misitquc
1265 3065 1394 3111 uovnm

450 3147 611 3211 comitem
627 3146 812 3212 Cornnbiae
836 3163 914 3213 cum
933 3147 1056 3210 robore
1078 3147 1251 3212 exercitus
1273 3153 1396 3210 contra

450 3244 586 3324 Scotos,
597 3253 637 3310 ut
650 3264 774 3311 nomen
789 3246 854 3310 sibi
870 3245 1064 3328 acquireret
1078 3252 1114 3309 et
1128 3244 1277 3311 laudem.
1323 3244 1396 3322 Qui

449 3345 871 3423 mareScotiaetransiit,et
882 3351 1021 3409 strenue
1030 3343 1160 3428 se²per
1168 3344 1295 3415 multos
1304 3343 1393 3418 dics;

450 3443 495 3506 ad
522 3444 652 3508 factum
678 3451 795 3513 tamen
829 3445 956 3508 bonum
985 3463 1055 3508 non
1079 3444 1194 3527 potnit
1216 3443 1397 3527 pervenire

450 3560 513 3621 pro
538 3560 579 3606 co
605 3541 697 3623 quod
721 3543 827 3620 Scoti,
851 3563 931 3607 eum
957 3542 1140 3625 fugientes,
1163 3543 1199 3606 in
1221 3542 1397 3608 montibus

451 3645 486 3726 ct
504 3640 658 3703 mariscis
673 3659 737 3705 sua
752 3661 886 3725 semper
903 3642 1122 3725 receptacula
1137 3640 1341 3705 habuerunt.

598 3833 771 3898 Concilium
788 3833 991 3900 Proniccicla
1003 3834 1244 3919 spadorum
1104 3832 1244 3900 Elorum

289 4021 343 4110 roro
314 4017 409 4108 ιιιιιιοιίιιιὲιιι
504 3998 633 4064 Eodem
652 4018 742 4062 anno
758 3999 937 4063 undecimo
957 3997 1012 4062 die
1029 3997 1117 4062 Maii
1136 3996 1228 4079 apud
1249 3997 1401 4060 Eburum

451 4101 487 4162 in
502 4099 647 4164 ccclesia
661 4099 862 4177 cathedrali,
873 4119 918 4162 cx
935 4098 1098 4162 mandato
1113 4096 1256 4178 speciali
1272 4095 1402 4160 domini

488 4255 495 4286 ¹
517 4259 592 4308 Piers
603 4259 741 4310 Gavcston.
934 4255 945 4286 ¹
963 4257 1006 4307 Sic
1018 4257 1094 4308 MSS.
1106 4257 1230 4319 probably
1240 4271 1269 4306 se
1279 4258 1366 4319 gessit.
