3144 4990
417 440 485 508 ΨΘ
789 455 997 506 cunonroon

256 629 295 721 a}
291 631 550 721 fflarrrneouon
575 612 752 697 pontilicis
770 610 947 687 instantia,
969 610 1059 678 citra
1081 610 1209 678 festum
1227 609 1370 678 Natalia

256 681 572 805 f-Domini,
606 713 710 780 etiam
739 711 782 778 de
813 731 957 778 assensu
988 710 1159 780 dictorum
1188 710 1369 786 nobilium,

255 817 355 912 {iffi}
417 815 562 880 termino
583 813 644 878 illo
664 811 862 878 nullatenus
884 810 1104 893 prolongato,
1116 817 1284 874 maneant
1304 829 1369 878 ex·

256 915 394 954 ”lm
364 913 546 996 repedita.
597 911 636 978 Si
658 930 740 978 vero
756 911 914 978 dominus
936 929 1029 992 papa
1047 909 1232 990 impeditus
1251 909 1368 984 fuerit,

417 1013 474 1077 vel
501 1031 624 1094 paoem
648 1017 683 1076 et
712 1010 931 1076 concordiam
959 1011 1049 1077 inter
1078 1027 1176 1090 reges
1202 1008 1326 1090 praefat
1326 1027 1369 1074 oa

418 1113 603 1176 reformare
620 1127 688 1173 nou
704 1111 842 1191 poterit,
858 1116 991 1189 treugae
1013 1107 1234 1175 nihilominus
1257 1125 1369 1189 tuque

418 1212 463 1278 ad
491 1210 674 1280 terminum
700 1209 793 1274 infra
814 1209 964 1290 positum
988 1214 1223 1290 perseverent,
1246 1214 1282 1274 ct
1308 1207 1368 1272 fir-

419 1312 520 1378 miter
536 1311 581 1374 ab
599 1308 758 1373 omuibus
773 1315 1033 1374 conserventur.
1085 1305 1140 1376 Ad
1162 1306 1266 1373 finem
1276 1325 1368 1387 quo-

419 1429 487 1491 que
520 1409 618 1475 illum
656 1407 749 1488 quod
780 1407 923 1488 negotia
957 1406 1156 1489 supradicta
1192 1406 1368 1474 meliorem

419 1508 677 1590 plenioremque
714 1506 901 1572 sortiantur
932 1505 1103 1583 effectum,
1132 1504 1370 1574 concedantur

420 1615 554 1688 treugae
590 1624 701 1689 nsque
736 1605 778 1672 nd
811 1606 936 1672 festum
967 1605 1086 1672 Sancti
1119 1604 1301 1672 Michaelis
1331 1605 1369 1672 in

419 1725 536 1774 meuse
552 1705 744 1788 Septembri
760 1705 919 1786 proximo
934 1705 1098 1781 futurum,
1115 1711 1150 1772 et
1164 1724 1186 1768 a
1201 1705 1291 1770 festo
1307 1703 1369 1773 illo

419 1825 529 1889 usque
547 1805 714 1874 adfinem
736 1804 840 1870 trium
857 1824 1025 1871 annorum
1046 1805 1208 1886 proxime
1223 1823 1369 1885 sequen·

418 1906 518 1980 tium,
541 1905 632 1968 inter
653 1903 836 1986 praedictos
859 1923 957 1984 reges
980 1902 1119 1984 Angliee
1143 1911 1178 1967 et
1200 1903 1370 1980 Franciae,

420 2023 605 2087 regemque
624 2004 762 2080 Scotiae,
784 2004 942 2068 comitem
959 2003 1147 2079 Hauoniae,
1162 2002 1267 2067 duces
1283 2003 1371 2068 Bra-

419 2105 547 2167 bantiae
562 2110 598 2166 et
609 2101 788 2180 ‘Geriioe,'¹
800 2103 1037 2167 Marchionem
1051 2103 1094 2166 de
1105 2102 1244 2180 Gillers,
1260 2103 1370 2166 domi-

419 2223 502 2268 nunr
518 2202 713 2268 iohannem
729 2202 771 2268 de
784 2202 960 2278 Hauonia,
975 2209 1010 2266 et
1027 2209 1165 2283 gentem
1183 2201 1371 2278 Flandriae‚

420 2322 609 2384 omnesque
619 2303 669 2366 eis
683 2302 897 2366 adhaerentes
911 2302 947 2365 in
961 2302 1121 2366 omnibus
1134 2301 1235 2366 terris
1249 2321 1373 2368 eorum

421 2402 512 2479 dem,
527 2421 548 2466 a
570 2409 723 2484 tempore
740 2401 831 2466 datae
854 2407 1053 2483 treugarum
1071 2401 1291 2482 praesentium
1310 2420 1373 2482 per

422 2509 533 2568 totum
549 2509 683 2582 tempus
697 2500 945 2582 supradictum.
991 2500 1139 2582 Insuper
1153 2519 1216 2564 rex
1230 2499 1370 2576 Scotiae,

419 2619 538 2666 comes
554 2600 739 2676 Hauoniae,
762 2607 797 2664 et
818 2600 919 2666 dictis
941 2601 1081 2682 regibus
1103 2601 1220 2666 caeteri
1239 2599 1372 2668 nobiles

422 2699 569 2780 alligati.
602 2700 744 2764 mittant
771 2700 913 2764 nuncios
939 2719 1020 2766 suos
1050 2699 1094 2766 ad
1125 2699 1256 2764 curiam
1285 2718 1371 2780 prae-

421 2798 530 2864 fatam
556 2817 634 2864 cum
658 2806 831 2879 potestate
854 2799 1088 2865 consentiendi
1111 2806 1146 2862 et
1168 2797 1371 2875 affirmandi,

420 2898 609 2964 semndum
626 2905 815 2966 tractatum
828 2917 945 2964 coram
961 2899 1100 2964 domino
1122 2917 1214 2980 papa
1236 2897 1372 2965 habitu-

420 3018 510 3075 rum,
528 3001 563 3060 iu
579 3005 748 3082 quantum
764 3017 825 3062 eos
843 2998 979 3073 attinet,
994 2998 1081 3065 citra
1102 2998 1230 3066 testum
1252 2997 1370 3064 Sancti

419 3097 594 3164 Johaunis
613 3098 910 3179 praenominatum,
954 3096 991 3160 Si
1006 3116 1090 3165 vero
1112 3097 1283 3162 dictorum
1306 3116 1369 3160 uo-

421 3197 541 3264 bilium
559 3197 667 3279 aliqui
685 3198 841 3273 nuncios,
859 3203 898 3265 ut
920 3197 1154 3278 praemittitur,
1171 3196 1216 3258 ad
1238 3196 1371 3264 curiam

422 3295 618 3360 Romanam
633 3296 769 3360 mittere
786 3315 854 3362 non
871 3296 1078 3372 curaverint,
1092 3295 1233 3376 negotia
1248 3314 1370 3376 supra-

419 3395 514 3462 dicta
545 3413 761 3478 nequaqnam
792 3396 838 3458 ob
871 3395 936 3460 hoo
963 3401 1127 3464 maneant
1155 3395 1371 3476 prolongata·

421 3494 678 3560 Conserventur
693 3512 830 3574 quoque
846 3494 1019 3575 praedicta
1034 3500 1166 3574 treugae
1180 3493 1215 3556 in
1232 3494 1371 3563 Britan

419 3593 479 3657 nia
507 3593 597 3656 inter
629 3611 729 3673 reges
759 3593 975 3674 supradictos
1001 3600 1038 3658 et
1063 3594 1116 3660 eis
1142 3593 1370 3670 adhaerentes,

420 3711 620 3774 quanquam
639 3691 674 3755 in
691 3691 823 3757 ducatu
851 3691 911 3756 illo
932 3692 994 3775 jus
1016 3712 1057 3767 se
1079 3692 1231 3759 dixerint
1258 3694 1370 3774 possi-

420 3791 521 3856 dere:
545 3792 691 3857 durante
710 3810 792 3856 vero
814 3793 1087 3874 pergaminae
1102 3791 1313 3867 Vaneteusis
1327 3792 1369 3861 iu

420 3892 579 3957 manibus
608 3891 830 3960 cardinalium
860 3891 998 3960 nomine
1027 3891 1155 3959 domini
1185 3910 1287 3973 papae
1315 3880 1371 3960 de-

421 3992 584 4068 tineatur,
614 3991 810 4072 elapsisque
840 3991 971 4074 treugis
992 3989 1035 4053 de
1069 3991 1152 4058 urbe
1182 3990 1244 4054 illa
1269 4010 1371 4060 suam

649 4213 657 4242 ¹
675 4217 786 4280 ‘Gerls,'
797 4217 854 4268 Ms.
866 4217 966 4268 Cotton.
980 4217 1050 4268 Nero
1064 4217 1100 4269 D.
1111 4217 1138 4267 ii.
