3144 4990
404 491 471 559 eeu
604 531 607 540 ι
776 503 985 559 cunonreen

245 682 395 774 mwpegp
408 667 471 732 ribi
487 682 549 749 per
569 685 633 731 nes
657 667 951 744 commiscemur
977 666 1097 730 causis
1116 666 1359 730 revocavimus·

244 735 387 905 Tmen„
387 767 623 854 praenotatis
677 765 748 831 Pro
764 767 862 831 firmo
877 767 1027 830 sciturus
1052 764 1175 847 qued
1167 783 1202 828 rn
1224 773 1356 828 tracta-

246 866 337 954 &3¹¹²
320 876 388 954 ὦ
367 859 503 930 ''tibus
516 867 643 929 nestris
657 866 707 929 sic
728 867 790 930 tibi
810 866 962 930 fraterne
982 863 1248 947 providebimus,
1263 863 1356 946 qued

246 965 397 1053 ,Κ1“·Μ,,ζ,,ξ
410 966 440 1029 si
472 964 600 1028 nostris
630 966 782 1030 consiliis
813 958 1031 1047 acquiescere
1059 963 1222 1040 volueris,
1248 979 1357 1026 causa

247 1115 284 1154 ,h
246 1063 389 1163 “3⁰32
411 1071 473 1128 tua
494 1063 539 1128 ad
567 1063 668 1128 finem
693 1066 832 1142 bonurn,
858 1064 1031 1128 mediante
1056 1071 1176 1127 nestro
1202 1062 1355 1136 consilio,

412 1162 630 1246 perducetur.
681 1163 793 1246 Super
818 1165 943 1247 quibus
976 1170 1071 1227 tuam
1098 1159 1286 1226 amicitiam
1314 1161 1357 1224 de

411 1270 531 1326 nestra
561 1263 753 1328 intentione
778 1263 914 1345 plenius
939 1261 1208 1338 informandam,
1239 1260 1356 1341 religi-

412 1380 511 1425 osum
549 1363 661 1425 virum
709 1361 852 1426 fratrem
900 1361 1152 1438 Eberhardum‚
1193 1361 1356 1424 lectorem

411 1459 541 1524 ordinis
557 1460 721 1524 Fratrum
741 1460 1001 1524 Heremitarum
1023 1461 1141 1524 Sancti
1155 1458 1356 1540 Augustini,

412 1557 599 1640 specialem
629 1568 757 1622 nestroe
786 1561 893 1624 curiee
919 1557 1151 1642 capellanum,
1182 1568 1252 1623 tuce
1285 1558 1356 1620 ira·

412 1657 569 1721 ternitati
603 1659 885 1737 transmittimus;
923 1675 1038 1741 queru-
1061 1658 1221 1741 petimus,
1253 1675 1357 1739 super

411 1750 610 1838 praemissis,
633 1751 793 1821 celeriter
813 1757 1016 1840 expeditum
1040 1757 1178 1825 remitti.
1224 1757 1355 1820 Datum

414 1855 757 1933 Fraunchuniordiee,
810 1865 891 1934 etei,
941 1871 1032 1921 anuo
1079 1855 1214 1938 imperii
1247 1855 1359 1918 nostri

413 1953 576 2018 ‘xv11.¹”

423 2173 564 2256 Qualiter
576 2173 759 2241 Edwardue
772 2175 930 2242 bedonico
945 2175 1112 2263 rescripsit,
1126 2185 1163 2242 et
1160 2173 1261 2241 etiem
1273 2173 1352 2261 Epa

760 2276 860 2361 crepis
875 2277 1009 2362 Aupltae.

457 2447 538 2511 Rex
561 2455 675 2511 eutem
703 2445 841 2528 Angliae
862 2445 1053 2512 Edwardus
1076 2447 1254 2512 liudovico
1267 2465 1360 2530 prae

251 2565 295 2605 nn
249 2565 391 2663 „iffi
411 2546 505 2610 dicte
516 2546 710 2628 rescripsit'
700 2561 736 2608 ru
749 2545 822 2609 haee
833 2547 986 2611 verba‘
987 2545 1249 2612 ‘serenissime‘
1263 2548 1359 2629 prin

249 2665 316 2704 ern
315 2624 391 2703 iii'
410 2645 481 2726 cipi
504 2644 642 2709 domine
664 2643 855 2721 Louerion,
879 2646 946 2710 Dei
968 2647 1094 2728 gratim
1122 2647 1360 2711 Romanorum

248 2714 365 2813 'diffie
410 2741 667 2825 ‘imperatori'³
679 2761 815 2825 semper
826 2743 1000 2826 Auguste,
1019 2746 1225 2824 Fdwardus,
1239 2746 1359 2809 eadem

412 2843 538 2923 gratia,
576 2863 640 2907 rex
680 2842 838 2906 Franciae
875 2852 911 2909 et
955 2844 1094 2927 Angliae
1122 2852 1166 2909 et
1202 2845 1360 2909 deminus

413 2941 606 3021 Hiberuiae,
621 2942 781 3018 mluteru,
799 2950 835 3006 et
853 2943 978 3008 votivis
993 2962 1129 3026 semper
1138 2945 1359 3008 successibus

411 3042 591 3123 gratulari.
643 3042 848 3106 Serenitatis
870 3050 997 3107 restrae
1019 3042 1138 3108 literas
1158 3050 1361 3109 reverenter

410 3143 612 3224 recepimus,
636 3141 728 3205 'inter
755 3140 825 3205 alia
850 3142 1063 3206 continentes
1088 3142 1181 3225 qued
1196 3141 1361 3225 ‘praecla-

410 3259 469 3303 rus
483 3239 509 3275 ’⁴
526 3239 709 3322 Philippus
731 3239 774 3304 de
800 3239 943 3304 Valesie
961 3241 1010 3305 nd
1032 3241 1249 3306 tractandam
1271 3241 1363 3305 iuter

411 3355 474 3402 uos
505 3347 541 3403 et
568 3341 682 3421 ipsum
711 3339 942 3413 concordiam,
967 3340 1063 3405 dedit
1093 3341 1200 3416 vebis,
1227 3340 1276 3404 ad
1305 3360 1360 3404 re-

408 3439 632 3519 quisitionem
647 3445 807 3516 vestram,
822 3439 895 3502 suis
905 3440 1017 3505 literis
1030 3446 1251 3522 potestatem.
1300 3439 1358 3516 Et,

410 3537 441 3598 si
471 3537 624 3618 placeret
656 3538 756 3600 nubis
792 3545 1001 3619 potestatem
1036 3538 1234 3622 hujusmodi
1260 3539 1361 3603 vebis

405 3757 408 3766 '
446 3765 454 3794 ¹
472 3765 871 3818 ‘xxv11.'MS.Harl.dit⁵.The
896 3769 959 3820 irem
968 3771 1011 3820 the
1020 3763 1174 3823 eotenus
1183 3771 1359 3822 15Edw.111.

409 3851 474 3899 cepy
491 3836 521 3886 ei
536 3837 587 3886 this
608 3837 752 3898 decernent,
770 3839 871 3898 printed
896 3856 923 3902 p.
933 3845 958 3906 2,
970 3856 1003 3891 nr.
1016 3845 1057 3902 ⁸4,
1065 3843 1103 3904 d,
1119 3842 1161 3894 the
1171 3843 1274 3892 varicus
1285 3845 1359 3894 rend-

407 3907 436 3956 in
458 3908 562 3968 Rymer,
588 3907 612 3956 is
636 3907 759 3968 eorreetly
776 3909 870 3958 dated:
895 3910 953 3971 inge
979 3911 1009 3958 oi
1040 3912 1256 3974 Hemingburgh’e
1283 3913 1359 3963 MSS.

408 3975 497 4026 “Dat’
515 3975 729 4026 Franchinferdiae
749 3989 810 4026 xxv.
828 3978 870 4027 die
896 3979 972 4042 being
984 3981 1058 4042 given
1069 3982 1096 4030 in
1107 3981 1250 4033 feet-notes.

1104 4083 1221 4134 Mil

424 4249 531 4302 ”m
557 4255 692 4304 document
719 4256 743 4303 is
767 4257 867 4316 printed
901 4251 1196 4306 '·⁴0nlttedir1ttsa
1284 4279 1288 4284 ·
