3144 4990
425 509 596 562 weuram
621 511 668 558 nn
691 511 975 559 nnumcnuacn.
1096 493 1164 558 389

214 664 426 749 grandiaque
452 669 593 750 negotia
615 669 743 733 nostris
769 667 970 733 incumbant
998 667 1161 745 humeris,
1176 682 1316 774 ιιιὸιι341
1282 679 1326 720 ιιι.

215 772 250 827 et
268 767 359 830 circa
375 766 437 831 illa
453 769 688 851 multipliciter
710 774 745 832 et
762 768 900 832 assidue
916 768 1326 843 distrahamur‚-·*·-···
1174 818 1220 858 m
1224 818 1279 864 Em
1280 823 1326 854 ew„

216 869 332 928 tamen
364 884 443 929 cum
489 866 662 932 discordia
698 867 786 930 inter
828 873 864 930 te
896 873 932 931 et
959 866 1160 948 Philippum
1174 827 1325 912 arcemar-

1173 921 1194 959 le
1194 923 1237 959 tter
1245 923 1267 956 to
1275 915 1312 955 the

215 982 331 1045 regem
368 965 537 1043 Franciae,
567 966 703 1030 affinem
736 973 891 1029 nostrum
924 966 1160 1048 praedilectum
1174 964 1321 1068 ἰξῑῡὴῖξζῖξ

216 1070 306 1138 orta,
324 1065 386 1128 tibi
401 1074 436 1128 et
453 1072 513 1130 tuo
534 1085 643 1148 regno
666 1066 921 1148 quamplurium
937 1084 1161 1148 personarum
1173 1069 1275 1166 ffivlffi
1276 1067 1314 1158 gf·

216 1168 251 1228 et
269 1182 383 1226 rerum
399 1163 591 1247 dispendia,
608 1167 686 1247 ipsa
710 1185 780 1229 nou
801 1164 933 1239 sedata,
948 1166 985 1236 in
1004 1165 1160 1229 futurum

215 1263 344 1342 poterit
386 1282 564 1345 generare,
602 1272 638 1328 et
680 1263 808 1328 nostris
852 1283 890 1328 se
934 1272 1164 1347 repraesentat

216 1361 406 1438 obtutibus,
422 1371 641 1445 mentemque
664 1371 818 1426 nostram
838 1363 1036 1444 specialiter
1050 1364 1163 1444 angit,

216 1467 251 1522 et
283 1463 414 1525 excitat
445 1468 485 1524 ut
517 1463 560 1526 ad
592 1462 779 1527 tollendam
807 1463 918 1543 ipsam
949 1461 1101 1528 studium
1128 1470 1164 1526 et

214 1577 355 1640 operam
365 1567 494 1624 nostrae
507 1561 749 1630 sollicitudinis
758 1579 987 1643 apponamus
1014 1560 1165 1650 Propter

216 1657 308 1738 quod
330 1667 365 1722 te
387 1660 475 1723 scire
492 1661 653 1724 volumus
672 1660 764 1742 quod
785 1660 952 1742 praefatus
967 1659 1163 1742 Philippus,

215 1756 258 1819 ad
276 1759 533 1839 requisitionem
548 1766 714 1835 nostram,
729 1759 823 1824 dedit
845 1759 943 1822 uobis
969 1759 1040 1822 suis
1055 1758 1164 1822 literis

217 1862 425 1936 potestatem
455 1859 627 1921 tractandi
656 1858 746 1922 iuter
784 1866 818 1921 te
850 1865 884 1920 et
916 1859 1030 1939 ipsum
1059 1877 1164 1939 super

216 1954 389 2018 discordia
411 1956 583 2021 intervos
609 1957 788 2021 suscitata.
842 1955 955 2036 Quam
983 1963 1018 2020 et
1040 1957 1104 2019 tibi
1128 1964 1163 2021 et

216 2060 278 2117 tuo
308 2074 428 2136 reguo,
462 2057 616 2139 pensatis
645 2057 828 2138 diligenter
856 2055 1015 2119 omnibus
1046 2054 1163 2118 condi-

219 2153 370 2217 tionibus
385 2155 453 2222 tuis
469 2164 504 2219 et
524 2155 745 2238 alligatorum
761 2163 910 2231 tuorum,
926 2154 1163 2236 multipliciter

216 2253 379 2334 expedire
403 2254 592 2332 credentes,
620 2255 780 2319 amicitiae
805 2262 875 2318 tuae
903 2254 1162 2336 persuademus,

217 2358 320 2434 teque
341 2372 418 2416 cum
441 2355 620 2436 diligentia
642 2355 832 2431 hortamur,
848 2361 887 2418 ut
910 2353 953 2416 ad
976 2352 1041 2416 hoc
1065 2362 1161 2417 tuum

218 2456 397 2515 assensum
421 2455 589 2534 praebeas,
615 2454 707 2536 quod
739 2459 831 2518 teet
857 2453 970 2536 ipsum
997 2465 1161 2516 revocare

217 2552 401 2632 possimus
430 2553 473 2616 ad
516 2552 748 2630 concordiam,
779 2559 814 2616 et
842 2552 934 2615 inter
967 2570 1030 2615 vos
1064 2551 1161 2632 pacis
1191 2587 1196 2602 ·

217 2649 350 2714 soedera
371 2651 539 2727 ordinare,
570 2650 614 2715 ad
645 2671 724 2734 quae
748 2652 869 2716 libenti
894 2651 1010 2714 animo
1037 2669 1162 2714 vacare

219 2748 377 2816 volumus
421 2758 455 2815 et
490 2751 688 2832 impendere
731 2769 877 2816 onerosa
922 2751 1162 2833 prosecutione

217 2845 364 2912 labores.
418 2848 461 2912 In
487 2858 556 2933 quo
579 2851 609 2914 si
631 2851 784 2914 consiliis
810 2849 937 2914 nostris
966 2850 1161 2913 consentire

216 2947 368 3011 volueris
401 2954 436 3011 et
469 2949 697 3029 acquiescere,
731 2956 770 3013 ut
799 2967 989 3030 speramuS‚
1024 2949 1161 3030 placeat

217 3054 253 3111 et
278 3046 377 3109 nobis
399 3047 469 3109 tuis
493 3047 600 3110 literis
617 3047 700 3111 dare
715 3054 923 3129 potestatem
947 3047 1161 3128 praemissam

217 3144 388 3209 tractandi
409 3146 697 3224 concordiam‚ct
725 3155 867 3227 treugas
892 3145 936 3209 ad
960 3164 1088 3209 annum
1105 3145 1160 3208 vel

216 3245 390 3308 biennium
418 3245 609 3308 ordinandi.
673 3245 749 3310 Nec
783 3254 817 3310 te
841 3253 980 3309 moveat
1008 3243 1162 3307 amicitia

216 3343 307 3407 inter
333 3363 396 3408 nos
420 3351 455 3408 et
477 3344 683 3426 Philippum
702 3365 818 3427 regem
838 3344 1051 3407 Francorum
1076 3343 1161 3406 inita

218 3448 252 3506 et
275 3451 472 3522 contracta3
502 3463 582 3506 nam
605 3463 650 3506 ex
673 3465 741 3527 quo
764 3445 800 3507 in
827 3451 968 3524 treugas
991 3451 1027 3506 et
1049 3451 1161 3506 certos

216 3541 439 3606 terminos-<ad
455 3543 673 3608 tractandum
695 3544 738 3606 de
759 3543 943 3608 concordia
963 3543 1052 3606 inter
1075 3549 1162 3604 teet

217 3643 420 3722 praedictum
459 3662 575 3724 regem
623 3642 781 3708 Franciae
826 3643 991 3724 accepisti
1030 3643 1162 3723 absque

217 3748 335 3805 nostro
364 3741 467 3817 scitu,
493 3741 675 3805 voluntate
707 3749 923 3818 classenm,
949 3741 992 3803 de
1018 3739 1163 3804 consilio

218 3847 414 3904 nostrorum
462 3841 668 3922 principum,
716 3842 776 3922 qui
822 3840 936 3921 ligias,
975 3845 1090 3920 pacta,
1128 3845 1164 3901 et

218 3939 362 4002 uniones
400 3948 537 4003 nostras
578 3946 774 4024 noverunt,¹
794 3939 918 4020 quibus
947 3938 1060 4000 visum
1098 3935 1165 4012 fuit

218 4039 312 4119 quod
330 4039 407 4113 hoc,
423 4038 521 4101 salvo
545 4037 676 4103 honore
694 4046 826 4112 nostro,
841 4036 955 4100 facere
972 4052 1165 4116 possemus,

219 4136 435 4200 concordiam
453 4145 487 4200 et
503 4137 690 4200 amicitiam
708 4156 784 4200 cum
802 4135 896 4198 dicto
911 4152 992 4213 rege
1009 4131 1167 4195 Francia'e

220 4235 470 4311 contraximus,
492 4243 527 4298 et
549 4237 708 4300 unionem
730 4235 926 4311 univimus;
951 4233 1167 4306 vicariatum,
