3138 4988
392 479 563 526 weuram
587 479 634 526 ou
657 479 938 528 nunruesunen.
1086 465 1151 528 323

197 634 471 700 consideratione
488 638 682 714 librabitur,
707 646 742 703 et
761 638 847 721 justi
869 646 1000 704 statere
1021 639 1149 722 judicis
1163 668 1254 708 navare
1267 668 1309 707 nr.

197 734 424 817 appendetur,
456 742 490 799 et
519 737 610 800 sicut
643 737 777 801 sanctio
803 737 890 818 legis
933 738 1045 815 docet,
1080 760 1148 803 non
1164 718 1310 780 Q

1160 801 1233 841 Letter
1241 803 1265 840 ot

197 833 327 897 factum
350 853 395 896 ex
415 833 520 910 dicto,
546 836 606 899 sed
631 837 762 899 dictum
788 845 950 917 pensetur
972 857 1017 900 ex
1042 837 1147 915 facto,
1160 850 1219 940 ,¹223
1227 852 1297 939 got-he

198 952 266 996 non
301 940 394 997 esset
429 934 587 1015 equidem
621 935 712 1018 juris
750 936 974 1017 praesumptio
1012 937 1146 1014 nobilis,
1161 951 1267 1000 Ponant

1159 999 1277 1045 Caudinus,

198 1031 290 1113 quod
308 1032 472 1113 supponit
494 1032 626 1096 sactum
649 1034 694 1096 ab
718 1033 854 1097 homine
875 1034 949 1098 fieri
971 1054 1035 1098 suo
1054 1035 1145 1118 jure,
1158 1049 1302 1138 ppttpppu

197 1149 267 1192 non
301 1131 451 1210 benigna
488 1131 728 1213 interpretatio
763 1133 818 1196 vel
853 1133 976 1208 civilis,
1008 1134 1144 1214 qualem
1158 1105 1311 1237 ςιὲἑιέἑῖιιῖοῐ

198 1248 332 1310 semper
347 1229 420 1292 fieri
437 1229 546 1294 dictat
561 1249 708 1294 censura
723 1230 857 1311 legatie,
874 1233 903 1294 si
924 1233 1034 1296 nostri
1054 1231 1145 1314 juris
1241 1225 1246 1237 '

197 1347 297 1391 usum
326 1327 510 1405 notorium,
534 1336 731 1412 nostraeque
754 1329 963 1392 defensionis
985 1349 1147 1412 compen-

197 1426 303 1504 dium,
318 1427 534 1509 dispendium
558 1427 754 1492 offensionis
775 1427 896 1491 illicite
913 1429 990 1510 quis
1015 1428 1144 1493 diceret

198 1526 332 1589 etienae.
395 1525 517 1589 cesset
541 1527 658 1608 igitur,
685 1545 895 1609 quaesumus,
920 1527 1033 1590 omnis
1064 1548 1145 1592 con·

193 1625 332 1707 jectura
350 1624 387 1687 in
411 1626 546 1688 actibus
563 1626 690 1688 uostris
713 1626 897 1707 certisque,
923 1626 1035 1688 locum
1059 1627 1146 1689 dun·

198 1730 299 1786 taxat
313 1723 378 1785 sibi
396 1723 547 1787 vindicat
565 1725 600 1785 iu
622 1744 689 1787 non
709 1724 820 1786 certis.
875 1723 1035 1805 Denique
1055 1725 1146 1788 dicet

199 1820 343 1884 forsitan
355 1829 549 1896 accusator,
559 1821 792 1884 calumniosus
803 1829 930 1884 nostrae
941 1823 1087 1884 actionis
1096 1823 1148 1884 in-

198 1926 342 2000 terpres,
360 1919 443 2001 quia
465 1920 678 2000 suscepimus
702 1920 871 1982 homiuem
898 1927 1021 1983 contra
1043 1940 1146 2001 quem

199 2018 408 2101 processisse
418 2017 526 2082 fertur
537 2017 683 2082 ecclesia
696 2017 751 2082 vel
767 2037 835 2080 non
852 2024 1028 2100 parentem
1038 2018 1148 2082 eccle·

199 2118 260 2179 siee
270 2117 420 2190 vicerim
439 2136 507 2180 non
520 2117 611 2180 dicet
621 2117 712 2197 quod
722 2116 839 2178 fratris
850 2124 885 2180 et
894 2114 1005 2179 affinis
1015 2118 1148 2180 vicibus

199 2215 385 2297 fungimur,
400 2235 469 2278 non
484 2216 528 2279 ad
532 2215 623 2298 juris
631 2215 827 2300 'habendum
842 2215 980 2278 titulum
994 2233 1148 2279 necessa-

201 2313 289 2377 rium
304 2315 403 2376 nobis
420 2315 584 2396 potentiae
602 2315 712 2378 solum
731 2333 829 2377 usum
845 2312 1098 2377 ‘asciscimus'¹
1110 2323 1148 2378 ut

201 2413 397 2476 necessario
417 2412 497 2477 fulti
512 2413 682 2495 praesidio,
700 2413 759 2476 ubi
780 2431 1026 2494 nuncsumus,
1040 2431 1103 2475 nos
1128 2432 1149 2475 a

200 2512 377 2592 congestis
385 2512 422 2574 in
433 2520 585 2576 nostram
598 2513 732 2575 ruinam
742 2511 903 2592 periculis
914 2510 1150 2587 defendamus,

200 2618 236 2675 et
256 2629 319 2692 pro
343 2617 538 2675 nostrorum
558 2610 657 2693 justa
676 2610 809 2694 jurium
834 2610 1051 2673 assecutione
1076 2629 1148 2672 cer·

201 2716 326 2772 temus.
388 2709 471 2773 Non
500 2711 604 2787 dicet,
636 2709 728 2791 quod
760 2708 970 2772 intendimus
998 2727 1062 2771 nos
1091 2708 1150 2771 de-

199 2807 349 2884 t'endere,
363 2826 427 2888 pro
454 2816 572 2872 nostro
591 2808 672 2890 jure
700 2815 845 2883 certare,
869 2826 938 2870 non
966 2807 1146 2870 ecclesiam

199 2906 415 2987 impugnare,
445 2907 501 2970 vel
533 2906 608 2988 ejus
638 2905 891 2988 impugnationi
924 2904 1053 2979 favere,
1085 2925 1149 2985 pro

201 3005 301 3088 cujus
327 3004 447 3086 utique
473 3011 682 3068 certaremus
710 3003 851 3078 honore,
878 3002 1005 3065 nullius
1029 3001 1149 3065 habita

202 3104 417 3184 respectione
427 3102 582 3184 periculi,
592 3103 682 3165 sicut
691 3101 897 3164 catholicam
906 3100 1147 3163 excellentiam

204 3221 324 3282 regum
342 3201 452 3277 decet,
467 3221 545 3264 cum
559 3208 674 3265 tamen
690 3206 729 3263 ut
744 3199 854 3263 omnis
864 3198 955 3281 juris
971 3197 1147 3262 ‘censet'²
1177 3256 1193 3280 ὀ

201 3301 359 3377 intentio,
382 3319 424 3363 ac
451 3299 637 3383 cujuslibet
663 3299 808 3362 actionis
833 3296 948 3360 finalis
970 3315 1077 3360 causa
1093 3297 1148 3359 vel

202 3399 292 3462 ratio
304 3398 540 3481 principaliter
552 3397 775 3474 attendenda,
788 3403 824 3464 et
836 3416 881 3459 ex
894 3395 1018 3459 notitia
1030 3394 1149 3458 volun·

123 3573 126 3580 ‚
204 3499 288 3562 tatis
314 3505 420 3580 atque
448 3497 627 3580 propositi,
656 3502 778 3578 surgat
799 3494 962 3559 distincta
988 3500 1150 3576 certaque

204 3597 358 3677 cognitio
390 3597 503 3678 operis
532 3596 698 3674 accusati,
742 3595 922 3677 solumque
968 3594 1010 3657 de
1042 3593 1150 3674 gestis

203 3694 379 3758 hominum
412 3696 514 3760 realis
545 3695 648 3771 actio,
679 3714 748 3758 non
779 3692 929 3757 verbalis
958 3693 1150 3773 conceptio,

203 3793 422 3875 ponderetur.
476 3794 511 3857 N
513 3814 558 3858 ou
573 3793 665 3858 dicet
680 3793 772 3876 quod
790 3791 934 3856 tacimus
948 3790 991 3854 de
1006 3790 1152 3854 materia

157 3975 160 3980 Ι
203 3883 272 3956 ista
299 3900 436 3955 scutum
465 3899 585 3957 contra
604 3912 694 3967 eum,
711 3892 771 3972 qui
797 3898 914 3953 nostro
937 3888 1153 3970 prominebat

204 3992 309 4071 capiti
337 3991 456 4054 mortis
481 3991 609 4064 ictum;
638 3990 798 4071 quodque
823 3987 1004 4050 fecerimus
1031 3985 1153 4048 medici

239 4149 245 4179 ¹
266 4153 464 4213 Suppliedtrom
476 4151 659 4214 Walsingham.
693 4150 758 4200 (1011.
775 4150 844 4198 Trin.
866 4149 897 4198 R.
916 4154 942 4210 5,
962 4151 1002 4209 10,
1020 4147 1070 4196 and
1089 4146 1156 4197 cett.

239 4219 248 4248 ²
265 4223 382 4285 ‘cesset,’
400 4222 478 4271 MSS.
490 4221 555 4270 (3011.
568 4220 668 4283 Magn,
694 4220 763 4268 Nero
774 4219 811 4268 D.
823 4218 851 4268 ii.

1005 4314 1049 4358 ri
