3178 4992
428 517 600 564 wlurnm
623 507 1174 584 nnnumrncsuass.133

219 677 383 734 strenuus
413 671 472 735 ille
497 672 596 737 miles
623 674 798 742 Ricardus
833 674 970 758 Lundy,
998 677 1057 759 qui
1083 697 1171 741 nun·
1196 693 1250 734 arr
1251 695 1322 735 ⁸1⁶1

220 787 325 850 quam
351 771 425 852 regi
447 777 566 836 nostro
592 773 793 838 fidelitatem
818 774 960 852 fecerat,
976 783 1011 839 et
1032 795 1070 840 se
1092 796 1169 840 cum
1182 744 1333 864 ΔζάἶΙ--ἰ-Μ

219 869 291 931 suis
317 868 413 933 dedit
428 870 600 935 voluntati
622 873 713 953 regis
735 873 859 950 nostri,
880 873 996 937 dicens
1019 893 1058 940 se
1078 875 1290 940 uolle⁸⁰⁰‘¹¹”⁶·

219 966 363 1031 ulterius
385 985 464 1031 cum
487 969 822 1035 discordantibusct
843 972 1059 1038 variantibus
1080 975 1170 1038 mili·

219 1071 304 1129 tare.
358 1065 461 1144 Quod
478 1087 557 1131 curn
585 1069 752 1135 vidissent
772 1070 830 1134 alii
851 1079 1031 1153 magnates
1061 1075 1170 1138 nomi*

218 1164 294 1231 nati
316 1166 527 1230 consternati
552 1175 645 1245 sunt,
670 1175 706 1232 et
732 1169 897 1233 continuo
919 1189 956 1234 se
983 1170 1168 1238 dederuut¹

217 1263 384 1343 praedicto
420 1264 559 1331 domino
598 1265 753 1331 Henrico
789 1267 832 1332 de
869 1266 993 1351 Percy,
1031 1271 1168 1338 numine

217 1360 309 1443 regis
330 1364 452 1439 nostri,
469 1363 577 1428 salvis
601 1365 650 1430 eis
671 1366 744 1428 vita
767 1372 803 1429 et
823 1366 997 1444 membriS,
1015 1369 1115 1434 terris
1131 1377 1169 1432 et

217 1460 364 1536 catallis,
384 1469 420 1526 et
440 1463 531 1544 quod
557 1464 831 1528 condonarentur
852 1465 969 1528 omnia
993 1467 1167 1549 usquead

218 1559 362 1622 eundem
379 1560 482 1642 diem,
495 1563 670 1643 promissis
686 1563 865 1626 obsidibus
881 1571 916 1628 ct
931 1563 1167 1629 instrumentis

217 1658 402 1734 conlectis3
427 1667 462 1724 et
477 1660 753 1726 conditionaliter
767 1661 908 1725 admissi
925 1670 1019 1738 sunt,
1036 1664 1066 1729 si
1082 1663 1169 1728 talia

217 1757 291 1836 regi
307 1759 570 1840 complacerent.
617 1760 773 1842 Cumque
790 1767 1046 1825 reverterentur
1058 1763 1168 1826 nostri

217 1855 309 1937 apud
336 1856 487 1940 Irewyn,
510 1859 709 1922 nunciatum
734 1867 787 1922 est
812 1860 862 1922 eis
888 1859 981 1941 quod
1002 1861 1104 1924 multi
1122 1879 1167 1924 ex

218 1951 331 2016 Sectis
361 1961 396 2019 et
430 1955 730 2021 Galewalensibus
762 1977 880 2020 eorum
911 1957 1167 2022 ‘sarcinulas'²

216 2050 387 2116 hostiliter
416 2054 606 2136 depraedati
638 2063 729 2131 sunt,
763 2055 953 2119 interfectis
984 2055 1166 2138 plusquam

217 2151 417 2232 quingentis
432 2154 514 2219 viris
533 2173 611 2219 cum
628 2153 830 2217 mulieribus
845 2161 881 2217 ct
895 2154 1060 2234 parvulis,
1080 2174 1168 2236 quos

215 2249 434 2330 insequentes
448 2259 667 2332 peremerunt
679 2271 725 2316 cx
740 2253 789 2316 eis
802 2253 939 2316 circiter
953 2252 1047 2316 mille
1062 2253 1167 2330 viros,

217 2354 252 2410 et
268 2349 404 2412 reversi
413 2357 495 2414 sunt
512 2350 745 2434 multiplicata
761 2350 890 2432 praeda.

218 2569 368 2675 Quomodo
382 2571 498 2658 decepti
513 2581 585 2637 smel
600 2574 699 2638 nostri
713 2582 742 2638 ot
757 2573 871 2640 devicti
886 2571 976 2657 wod
989 2571 1166 2656 Strycelyn.

258 2743 475 2812 Adveniente
503 2749 595 2831 apud
625 2749 843 2814 Berewikum
867 2705 991 2813 comite
1014 2750 1057 2812 dc
1081 2748 1168 2813 Wa-

215 2851 335 2921 reuna,
366 2845 398 2908 ei
425 2866 486 2928 per
510 2847 667 2911 ordinem
691 2847 859 2930 praedicta
886 2848 1105 2924 nunciantur,
1131 2853 1167 2910 et

205 2942 328 3005 ,missis
354 2943 397 3006 ad
426 2963 543 3025 regem
567 2945 712 3022 nunciis,
730 2945 944 3009 voluntatem
970 2945 1079 3025 ipsius
1106 2964 1168 3007 ex-

216 3041 338 3119 petiit3
366 3042 426 3121 qui
448 3043 602 3105 existens
624 3043 841 3124 inprocinctu
866 3043 1011 3116 itineris
1033 3048 1075 3104 ut
1093 3040 1166 3103 dic·

216 3143 291 3201 tum
321 3144 387 3213 est,
420 3139 531 3203 noluit
562 3139 730 3221 impediri,
762 3140 822 3202 sed
852 3158 915 3220 pro
946 3141 1037 3202 bono
1070 3140 1167 3220 pacis

216 3235 395 3317 postulata
411 3238 594 3314 concessit,
607 3237 771 3320 factoque
787 3237 936 3301 audien
954 3243 1085 3300 eertum
1100 3235 1165 3300 hu·

212 3333 367 3417 jusmodi
387 3354 564 3417 responso,
582 3335 695 3401 adhuc
709 3333 990 3400 ‘disserebant'³
1014 3334 1111 3398 Scoti
1124 3336 1166 3398 in

216 3432 376 3496 cordibus
402 3433 487 3509 suis,
509 3433 704 3500 differentes
730 3435 866 3498 obsides
886 3451 974 3517 quos
1001 3433 1167 3515 promise-

214 3537 302 3606 rant,
320 3538 356 3595 et
377 3532 595 3613 postulantes
620 3535 736 3598 omnia
753 3533 836 3616 jura
859 3552 925 3596 sua
944 3539 980 3597 et
1001 3532 1165 3614 antiquas

250 3818 257 3848 ¹
273 3821 474 3870 Thisoccurred
490 3836 522 3871 on
535 3823 578 3872 the
593 3823 637 3872 oth
649 3823 678 3872 ol
700 3823 732 3872 de
754 3823 881 3886 Douglus.
920 3823 1023 3885 Rymer,
1046 3821 1165 3882 Foedera,

213 3890 292 3951 July;
315 3891 359 3939 the
378 3891 452 3940 letter
473 3891 503 3940 oi
522 3892 676 3941 submissior
699 3893 787 3942 isos,

213 3973 274 4008 runs
291 3961 318 4008 in
337 3961 380 4009 the
399 3975 472 4009 name
490 3960 519 4008 οἰ
533 3961 628 4010 Robert
643 3962 676 4009 de
736 3955 979 4021 ’‘sarciunculas,'
1006 3957 1065 4008 MS.
1095 3957 1166 4008 cota

214 4029 282 4077 Brus
310 4030 373 4078 Earl
400 4030 430 4077 οἰ
454 4029 571 4090 Canick,
588 4031 677 4080 dames
702 4031 783 4089 Vesp.

213 4098 350 4146 Senescbal
377 4099 406 4146 ol
438 4099 568 4162 Scotlaud,
598 4099 678 4148 Alex-
738 4090 987 4156 '‘disserebantur,’
1015 4094 1072 4145 MS.
1096 4094 1164 4143 0011.

213 4168 292 4215 ander
305 4169 337 4216 de
355 4168 476 4230 Lindsey,
491 4167 560 4217 John
578 4167 679 4216 brother
703 4169 792 4224 Arm.;
826 4163 1054 4226 ‘dissecabantur,'
1086 4163 1164 4214 MSS.

215 4236 244 4284 of
266 4236 309 4284 the
332 4236 473 4298 seneschal,
492 4236 543 4285 end
566 4236 679 4284 William
704 4235 772 4285 Cott.
783 4232 902 4285 'liband
913 4234 994 4293 Vesp.
