3126 4986
406 456 576 504 weuram
601 457 648 502 nn
672 455 952 506 unurnonuncn.
1114 443 1159 506 25

203 617 268 678 bus
285 611 470 678 ‘vicibus'¹
487 614 658 689 retaciati,
684 613 786 677 tertia
808 621 924 678 tamen
938 615 1013 679 vice
1030 614 1156 679 ibidem
1184 634 1275 674 niv-u
1285 635 1302 673 1.

204 715 353 794 ingressi
382 719 463 777 sunt
488 711 609 776 ‘vrn’z
636 713 691 777 die
720 713 830 790 Junii,
855 712 1068 794 fugientibus
1099 685 1318 826 quiffl

205 820 369 896 poterant
398 833 460 896 per
489 831 584 876 mare
611 813 646 874 in
678 811 852 895 Cyprum3
884 821 1157 895 corrueruntque
1170 827 1257 867 ἱππεῖ·
1284 806 1291 826 ’

206 912 308 976 multi
331 913 446 975 inilia
469 910 537 988 die,
558 912 649 975 inter
669 931 757 993 quos
780 919 816 975 et
837 913 1013 994 magister
1025 912 1157 977 militiae
1169 925 1308 1015 ffiffitg·

209 1010 365 1094 Templi³
394 1013 530 1074 occisus
570 1018 635 1074 est.
692 1010 892 1093 Sedatoque
923 1011 1038 1077 furore
1078 1021 1296 1094 postumu-

208 1110 351 1173 biduum
374 1111 533 1191 placatus
556 1116 610 1172 cst
635 1109 672 1170 in
695 1117 795 1192 parte
818 1109 991 1174 Soldanus
1015 1112 1157 1176 obtenta

210 1209 375 1282 victoria;
401 1219 436 1272 et
458 1229 537 1272 cum
552 1208 759 1272 deliberaret
781 1209 863 1291 quid
886 1210 928 1272 de
951 1209 1156 1274 Christianis

209 1309 354 1371 residuis
378 1316 469 1372 esset
494 1305 755 1385 ‘faciendum,'⁴
779 1308 834 1372 sui
856 1308 1068 1372 execrabiles
1093 1329 1156 1391 po-

210 1406 283 1488 puli
318 1407 396 1470 loca
436 1414 575 1471 sacrata
606 1415 642 1471 et
677 1406 841 1470 ecclesias
870 1408 949 1471 Deo
979 1408 1157 1472 dedicatas

211 1505 390 1569 adulteriis
415 1513 452 1570 et
478 1506 609 1588 stupris
629 1506 908 1587 profanaverunt,
932 1507 1158 1591 videntesque

213 1604 403 1668 Christiani
423 1624 502 1667 cum
519 1604 687 1668 uxoribus
709 1614 744 1669 et
767 1605 904 1669 filiabus
928 1606 1015 1670 talia
1036 1626 1158 1689 perpe-

213 1705 309 1780 trari,
320 1706 573 1768 communicato
584 1704 729 1768 consilio
740 1710 776 1768 et
789 1713 1006 1787 reassumpto
1022 1707 1159 1787 spiritu,

213 1810 332 1884 portas
362 1803 561 1866 clauserunt
590 1803 755 1880 civitatis
782 1811 818 1867 et
842 1805 947 1867 armis
973 1807 1160 1886 assumptis

214 1921 291 1964 cum
310 1903 440 1965 viribus
463 1902 599 1965 circiter
616 1921 650 1966 v.
668 1902 777 1965 millia
793 1903 1009 1966 Tburcorum
1025 1905 1085 1984 qni
1106 1904 1160 1966 in-

215 2000 267 2064 sra
277 2020 394 2064 muros
409 2002 599 2064 extiterant
612 2010 843 2081 peremerunt,
858 2002 1022 2064 continuo
1036 2021 1074 2064 se
1086 2021 1160 2064 cre-

216 2099 335 2164 dentes
366 2101 453 2163 mari
481 2119 558 2164 cum
587 2099 726 2181 scaphis
756 2107 792 2162 et
820 2101 967 2162 navibus
991 2101 1157 2164 residuis:

216 2218 284 2279 quo
308 2199 447 2279 cognito
470 2198 643 2262 Soldanus
669 2199 794 2262 iterum
819 2217 984 2262 accensus
1014 2201 1050 2261 in
1077 2199 1160 2263 civi·

215 2303 322 2360 tatem
345 2298 458 2373 irruit,
473 2306 520 2372 et,
535 2315 613 2361 eam
638 2297 739 2379 quasi
759 2298 795 2360 in
818 2297 963 2362 nibilum
988 2298 1161 2379 redigens

216 2415 302 2477 quos
319 2397 474 2460 invenire
495 2403 632 2478 poterat
646 2397 801 2478 peremit.
854 2396 924 2475 Qui
941 2397 1082 2462 tandem
1105 2418 1164 2461 ru-

217 2515 393 2559 mercum
423 2495 556 2559 domini·
576 2514 678 2577 papae
706 2496 828 2558 intima
852 2495 965 2560 cordis
991 2496 1163 2578 profunda

216 2597 443 2675 penetrasset,
461 2594 575 2657 missis
599 2613 662 2676 per
681 2595 843 2658 universa
867 2614 975 2676 regna
995 2596 1068 2658 suis
1091 2597 1162 2677 epi·

217 2693 314 2757 stolis
342 2694 504 2773 quaesivit
518 2693 690 2776 quomodo
707 2693 817 2756 Terra
842 2693 973 2758 Sancta
994 2692 1164 2777 ‘posset’⁶

216 2799 420 2874 recuperata
429 2792 638 2856 conservari.
685 2791 729 2855 In
739 2792 887 2874 singulis
903 2800 1019 2856 autem
1035 2801 1163 2857 metro-

219 2891 382 2971 politanis
395 2891 550 2954 ecclesiis
563 2891 694 2955 factum
707 2898 762 2955 est
777 2911 882 2974 super
899 2891 964 2955 boc
978 2892 1162 2956 concilium

217 2989 379 3070 speciale,
398 2990 596 3053 videntibus
619 2990 824 3071 quibusdam
847 2998 883 3054 et
905 2990 1163 3053 consulentibus

217 3088 308 3170 quod
325 3089 518 3152 extinctum
541 3089 575 3152 in
594 3089 740 3153 ecclesia
760 3089 902 3152 Domini
914 3088 1084 3150 luminare
1099 3089 1163 3149 mi-

219 3206 283 3250 nus
302 3185 382 3273 (per
396 3188 489 3269 quod
511 3187 717 3267 intelligitur
738 3183 943 3270 imperator)
960 3185 1162 3249 reaccende·

218 3292 311 3348 retur
339 3286 382 3348 de
410 3305 514 3361 novo,
545 3295 580 3349 et
609 3286 708 3348 fieret
739 3285 928 3366 imperator
959 3285 1019 3366 qui
1046 3290 1165 3367 posset

218 3385 370 3466 proeliari
391 3384 516 3466 proelia
533 3385 613 3450 Dei.
666 3384 845 3449 Concessit
858 3385 960 3447 etiam
984 3403 1075 3466 papa
1092 3384 1165 3465 regi
1178 3401 1300 3441 senten

1177 3452 1215 3491 the
1222 3450 1303 3490 eburclr

218 3483 357 3564 Angliae
397 3483 564 3546 decimam
604 3469 711 3547 totius
753 3483 908 3546 ecclesiae
946 3480 1308 3600 A¹¹⁸¹¹⁰a¹¹ae’f‘.÷llltlle

218 3581 357 3659 Scotiae,
376 3590 412 3645 et
438 3581 628 3657 Hiberniae,
656 3582 843 3645 secundum
867 3600 985 3645 verum
1013 3584 1164 3646 valorem
1177 3599 1309 3695 {pgffin

215 3680 366 3744 omnium
381 3671 676 3762 ‘proventurrm'⁶
692 3699 754 3762 per
769 3699 834 3744 sex
856 3699 966 3744 annos
983 3683 1166 3745 continuos
1179 3698 1331 3745 nne-(¹2⁸⁸.)

251 3909 494 3962 ¹0mreeurn1us.
507 3912 657 3962 conum.
740 3909 750 3940 ⁴
772 3913 897 3996 Suppuee
925 3897 989 3962 eon
1016 3915 1114 3975 margin
1141 3913 1170 3961 or

251 4048 260 4076 ²
277 4052 377 4113 ‘vinus
389 4052 446 4101 us.
460 4051 528 4102 eote.
539 4052 597 4101 ru.
706 3982 952 4113 Μῗῖἳοοῗὲῑῖῗῗιε.
965 4051 1096 4098 caeru.

740 4117 750 4150 ⁸
766 4117 1000 4181 ‘provenientium,'
1013 4118 1088 4168 MSS.
1102 4117 1168 4168 (loll.

248 4189 569 4252 ³Williamdelleaujcu.
601 4191 603 4196 '
705 4190 776 4238 Arm.
789 4189 840 4237 and
851 4187 987 4239 cotenu.
