3126 4986
452 519 621 568 wanrnnr
646 519 692 566 nn
715 519 999 572 flnursoauneu.
1136 505 1178 567 31

221 683 399 757 petentes;
416 675 476 758 qui
490 675 742 739 successionem
755 695 853 756 regni
844 675 992 738 Scotiae
1004 675 1179 757 praedictae
1200 693 1329 784 pensato

225 777 390 858 puellulae
400 774 560 856 pronepti
575 793 648 838 suae
659 773 739 856 jure
751 773 970 838 haereditario
981 782 1180 856 competere
1191 798 1341 874 W

226 875 361 949 videns,
385 872 600 938 admonendo
622 873 798 937 consuluit
823 880 863 936 ut
885 873 928 936 de
954 873 1179 936 nobilioribus
1192 885 1299 925 11111111

226 983 262 1038 01
281 973 548 1054 sapientioribus
564 979 667 1036 terrae
681 972 775 1034 illius
796 970 1006 1053 eligerentur
1029 980 1180 1054 quatuor

228 1073 400 1149 custodes
410 1073 481 1154 qui,
496 1090 667 1135 summam
683 1089 804 1152 pacem
822 1078 858 1133 et
874 1071 969 1152 leges
986 1077 1089 1135 terrae
1103 1089 1179 1134 cus·

228 1171 412 1247 todientes,
431 1189 487 1233 res
507 1177 543 1234 et
560 1169 714 1232 redditus
728 1167 864 1250 regales
880 1169 916 1232 in
940 1169 1063 1232 aerario
1087 1169 1179 1251 regis

229 1269 355 1334 Scotiae
378 1270 604 1333 reconderent
627 1268 672 1331 ad
696 1287 797 1330 usum
817 1275 853 1331 et
880 1268 1065 1332 utilitatem
1089 1287 1178 1350 prae-

229 1369 331 1433 dictae
352 1368 498 1432 haeredis
513 1374 548 1431 et
563 1387 637 1430 suae
653 1367 853 1449 proneptis:
877 1368 967 1449 quod
991 1374 1027 1432 et
1048 1366 1178 1431 lactum

229 1476 283 1532 est
292 1488 356 1550 per
364 1486 474 1530 annos
487 1467 621 1547 aliquot
629 1467 816 1548 prudenter
826 1466 964 1546 quidem
976 1473 1011 1529 et
1021 1466 1179 1530 fideliter.

231 1567 311 1631 Rex
332 1574 449 1631 autem
469 1565 663 1629 Edwardus
683 1565 765 1628 dum
787 1571 868 1646 post
885 1572 1022 1645 tempus
1038 1565 1177 1648 aliquod

229 1671 462 1730 reverteretur
476 1665 521 1727 ad
540 1665 692 1746 propria,
709 1664 823 1726 missis
845 1665 975 1727 nuntiis
995 1662 1039 1727 ad
1062 1683 1179 1745 regem

234 1764 431 1844 Norwegiae
453 1762 596 1828 eandem
620 1761 768 1826 ‘filiam’
783 1761 792 1796 ¹
810 1762 847 1824 in
870 1781 931 1843 spe
953 1763 1180 1826 successionis

230 1863 412 1945 magnifice
436 1862 631 1938 accersivit,
657 1881 735 1944 quae
759 1880 838 1924 cum
868 1868 960 1925 esset
988 1869 1118 1937 tenera,
1144 1867 1180 1924 et

230 1963 266 2025 in
291 1961 462 2044 profunda
483 1961 590 2024 maris
618 1979 760 2042 aequora
789 1959 984 2035 veheretur,
1004 1959 1180 2022 infirmata

230 2069 295 2138 est,
316 2059 518 2124 inundantis
540 2060 629 2122 ferre
651 2079 720 2124 nou
744 2058 864 2122 valens
886 2057 1041 2140 pericula
1062 2058 1179 2124 maris.

231 2160 388 2241 Cumque
419 2160 474 2223 ‘in
487 2157 515 2194 ’⁹
539 2158 686 2222 insulam
710 2156 886 2220 Orcadum
910 2164 1002 2220 esset
1027 2155 1180 2220 adducta

228 2261 264 2323 in
297 2278 360 2340 spe
383 2257 626 2340 recuperandae
655 2254 878 2333 ‘sanitatis,'³
918 2255 1179 2336 ingravescente

227 2358 440 2434 infirmitate,
455 2357 581 2421 ibidem
598 2355 737 2420 tandem
753 2355 916 2420 defuncta
930 2361 993 2418 est.
1035 2354 1178 2419 Mortua

228 2464 343 2521 autem
361 2456 528 2538 praedicta
542 2454 660 2538 puella
674 2454 821 2519 divisum
844 2462 897 2518 est
917 2454 1081 2517 continuo
1095 2474 1178 2517 con·
1190 2479 1245 2519 aa
1257 2481 1311 2518 aa.

228 2557 343 2621 silium
365 2555 464 2636 regni
485 2554 624 2631 Scotise,
638 2573 720 2636 pars
742 2554 833 2618 enim
854 2561 1055 2634 magnatum
1078 2554 1216 2659 quasin
1200 2570 1295 2660 ιι1111111

228 2656 343 2719 media
368 2655 510 2719 favebat
536 2653 692 2718 Johanni
718 2653 761 2716 dc
793 2652 930 2718 Baliolo
963 2652 1102 2716 domino
1134 2630 1215 2716 do⁸u
1282 2629 1317 2658 ω

229 2754 411 2836 Galeway‚
426 2772 507 2834 pars
533 2771 617 2816 vero
637 2751 772 2834 reliqua
793 2752 935 2816 favebat
954 2750 1110 2815 Roberto
1133 2750 1176 2816 de

229 2853 345 2935 Bruys
366 2852 506 2916 domino
523 2851 638 2916 Vallis
659 2850 843 2915 Anandiae.
889 2850 992 2914 Unde
1014 2850 1177 2914 custodes

228 2952 385 3034 praedicti
417 2969 614 3033 praecarere
646 2950 803 3014 volentes
840 2968 884 3013 ne
915 2949 1005 3013 sorte
1050 2948 1176 3012 seditio

227 3052 375 3116 oriretur
395 3049 432 3113 in
457 3049 600 3132 populo,
623 3049 665 3112 de
690 3048 835 3114 consilio
855 3056 1055 3127 magnatum
1078 3047 1177 3126 regni

229 3150 355 3215 Scotiec
380 3149 549 3212 miserunt
576 3149 621 3212 ad
640 3167 757 3229 regem
785 3146 926 3228 Angliae
953 3145 1052 3208 utin
1075 3150 1175 3208 tanto
1189 3176 1235 3216 n.
1245 3175 1336 3225 1,,,1

227 3246 419 3331 dubioeJus
430 3247 797 3322 consiliofruerentu13
814 3245 873 3326 qui
885 3243 1034 3307 remissis
1047 3243 1177 3306 nuntiis
1189 3227 1243 3326 ῗξρῖ,
1238 3187 1304 3315 1112,

227 3349 312 3424 suis,
327 3347 498 3429 episcopis
514 3346 646 3410 scilicet
663 3344 890 3409 Dunolmensi
905 3349 941 3407 et
958 3341 1178 3406 Karleolensi
1189 3325 1279 3376 “mim

228 3467 306 3512 cum
323 3446 462 3511 domino
488 3445 649 3509 Johanne
670 3445 713 3508 de
734 3444 863 3526 Vescy,
887 3443 1000 3506 verbis
1022 3441 1177 3524 pacificis

228 3553 263 3609 et
292 3545 458 3610 suasoriis
488 3543 694 3608 exhortatus
722 3551 776 3608 est
809 3561 869 3606 eos
899 3550 939 3606 ut
967 3541 1176 3606 ordinationi

227 3663 312 3721 suae,
325 3651 494 3726 quantum
510 3642 553 3707 ad
566 3643 817 3707 successionem
833 3642 932 3722 regni
943 3641 1071 3706 Scotiae
1086 3639 1178 3704 ordi-

227 3744 388 3820 nandam,
404 3762 442 3807 se
464 3749 588 3825 sponte
607 3748 853 3825 supponerent.
899 3740 971 3819 Qui
986 3745 1178 3804 convocato

225 3843 455 3924 parliamento
483 3851 519 3906 et
544 3841 799 3906 communicato
822 3840 996 3904 communi
1019 3838 1178 3911 consilio,

225 3962 262 4005 se
280 3942 357 4026 ejus
372 3941 519 4005 consilio
537 3940 814 4022 ordinationique
830 3957 949 4003 omnes
964 3937 1067 4018 quasi
1082 3953 1180 4015 mag·

259 4186 266 4216 ¹
286 4185 432 4249 ‘pusiam’
443 4185 502 4234 MS·
513 4184 608 4234 111111·
752 4212 889 4263 usuum
900 4211 908 4233 ’
920 4210 976 4260 us,
991 4209 1084 4258 tamo.

258 4257 268 4285 ¹
285 4256 366 4318 ‘per,'
378 4256 436 4306 MS.
448 4254 545 4305 Iaffld·
891 4246 899 4274 ,
