3126 4986
398 491 442 554 80
756 505 967 557 ennonrcou

247 680 339 720 mvsa
349 679 368 719 1.
398 663 626 744 praenotanda
648 669 730 726 sunt
751 663 830 726 ista.
876 660 981 726 Anno
999 661 1142 728 Domini
1166 679 1299 726 mecm.
1315 672 1351 727 et

248 731 372 770 annau.
488 763 495 776 ,
599 763 606 776 ,
768 763 808 777 ..
932 761 940 776 .
1159 763 1165 776 Ι

234 821 344 859 mm
399 782 497 844 regni
534 782 626 843 regis
666 761 811 826 Henncr
849 768 960 843 patris
1004 759 1167 824 Edwardr
1213 779 1350 825 xxxvi.

234 870 342 910 ⁸0⁰¹¹⁸¹¹b
397 859 601 926 Alexander
624 882 685 925 rex
708 860 836 927 Scotiae
860 861 1099 942 Margaretam
1128 861 1233 924 filiam
1259 862 1352 941 regis

398 960 545 1026 Henrici
578 961 680 1023 duxit
714 961 750 1024 in
779 979 924 1024 uxorem
956 959 1169 1035 solemniter,
1196 978 1350 1024 sororem

396 1059 530 1125 seilicet
567 1059 743 1134 Edwardi,
770 1057 931 1141 factaque
961 1066 1016 1122 est
1040 1059 1118 1141 ipsa
1148 1059 1352 1124 solemnitas

396 1158 488 1241 apud
522 1159 674 1223 Eburum
709 1159 746 1222 in
787 1159 875 1222 festo
908 1157 1114 1222 Nativitatis
1145 1158 1348 1222 Dominicae.

397 1257 569 1321 Processu
585 1277 670 1320 vero
685 1258 851 1338 temporis
870 1257 1066 1338 procreavit
1086 1257 1177 1320 idem
1194 1255 1351 1324 Alexan-

396 1357 458 1420 der
492 1377 535 1420 ex
574 1375 683 1419 uxore
710 1375 775 1420 sua
802 1357 969 1438 praedicta
1006 1353 1137 1419 lilium¹
1167 1363 1203 1420 et
1231 1356 1349 1432 liliam,

396 1456 505 1518 filium
544 1456 682 1536 quidem
719 1461 864 1536 paterno
895 1454 1034 1519 nomine
1059 1455 1282 1519 nominatum
1314 1463 1351 1518 et

398 1555 503 1618 filiam
533 1561 688 1618 materno
715 1555 853 1618 nomine
880 1555 1111 1632 nominatam3
1142 1553 1235 1618 filius
1266 1575 1349 1618 vero

395 1654 431 1716 in
453 1653 574 1717 adulta
590 1658 693 1716 aetate
710 1653 745 1716 in
762 1653 835 1716 vita
853 1653 962 1734 ipsius
982 1653 1092 1734 patris
1123 1653 1348 1718 immaturata

397 1761 507 1815 morte
524 1759 722 1834 praeventus
738 1752 907 1826 decessit3
937 1752 1009 1814 lilia
1026 1752 1165 1834 quidem
1182 1772 1348 1834 processu

397 1852 563 1932 temporis
583 1852 657 1932 regi
682 1850 879 1932 Norwegiae
901 1851 937 1913 in
961 1870 1107 1914 uxorem
1130 1850 1259 1915 tradita
1283 1859 1348 1916 est.

397 1949 540 2014 Mortua
563 1950 701 2013 tandem
727 1950 848 2031 regina
869 1949 995 2014 Sootiae
1023 1950 1236 2032 Margareta,
1252 1951 1348 2014 idem

396 2068 460 2111 rex
487 2069 613 2113 novam
641 2049 707 2113 sibi
736 2057 880 2131 nuptam
912 2049 1131 2113 matrimonio
1157 2048 1348 2130 copulavit,

396 2147 502 2211 filiam
519 2149 651 2212 seilicet
670 2148 804 2212 comitis
818 2148 1011 2227 Flandriae3
1027 2155 1227 2211 nontamen
1244 2169 1289 2212 ex
1305 2168 1347 2212 ea

396 2248 550 2328 suscepit
564 2246 729 2310 sobolem.
776 2246 844 2310 Sed
866 2266 945 2310 curn
964 2247 1040 2329 jam
1062 2247 1163 2310 annis
1177 2246 1296 2312 multis
1310 2249 1348 2310 in

395 2346 506 2408 multa
532 2345 650 2408 mundi
675 2345 903 2427 prosperitate
925 2354 1117 2426 regnasset,
1139 2347 1254 2410 nescio
1277 2365 1346 2428 quo

395 2444 534 2516 tandem
551 2444 677 2508 ductus
693 2445 828 2526 spiritu,
849 2453 948 2509 nocte
974 2445 1121 2528 quadam
1140 2452 1176 2508 et
1199 2447 1346 2510 obscura

394 2542 496 2607 valde
525 2563 651 2608 novam
675 2563 773 2607 suam
800 2563 975 2626 sponsam,
1005 2545 1050 2608 ab
1077 2564 1118 2608 eo
1146 2563 1208 2627 per
1232 2564 1345 2626 pauca

393 2641 543 2706 miliaria
579 2643 777 2719 distantem,
812 2643 962 2707 invisere
998 2644 1211 2726 properavit,
1244 2663 1344 2707 sacro

393 2741 532 2822 quidem
557 2749 592 2806 et
617 2742 908 2824 quadragesimali
930 2749 1106 2824 tempore3
1138 2761 1286 2824 cumque
1308 2744 1344 2807 in

392 2841 564 2921 profundo
577 2842 688 2904 noctis
703 2848 855 2922 tempore
873 2860 952 2905 cum
974 2842 1094 2923 paucis
1118 2841 1345 2906 familiaribus

392 2941 465 3002 suis
475 2941 690 3021 graderetur,
702 2941 860 3022 contigit,
871 2960 961 3022 equo
974 2941 1178 3022 cespitante,
1191 2959 1342 3006 assesso·

392 3059 465 3102 rem
480 3039 617 3120 quidem
633 3040 668 3102 in
684 3045 811 3104 terram
834 3039 942 3115 allidi,
960 3047 995 3102 et
1012 3039 1134 3116 fracto,
1151 3046 1191 3104 ut
1207 3039 1344 3117 dicitur,

228 3149 351 3238 ffipfer
392 3139 493 3216 collo,
509 3140 675 3202 continno
691 3139 877 3222 expiravit.
930 3137 1011 3216 Quo
1028 3148 1165 3203 mortuo
1179 3146 1214 3202 et
1229 3139 1346 3221 sepul·

227 3249 354 3298 111·‹12⁸⁶·)
391 3244 480 3301 turae
504 3239 644 3314 tradito,
666 3257 745 3301 cum
765 3238 808 3301 de
830 3238 1049 3301 successione
1069 3237 1165 3318 regni
1181 3240 1342 3302 conveni·

391 3344 498 3412 retur,
516 3357 585 3400 non
603 3338 766 3417 apparuit
781 3336 891 3400 haeres
906 3337 1096 3418 proximior
1114 3336 1268 3418 puellula
1282 3339 1343 3401 illa

391 3433 463 3496 filia
491 3435 584 3514 regis
615 3433 827 3514 Norwegiae,
849 3454 953 3516 quam
977 3455 1022 3498 ex
1045 3455 1153 3498 uxore
1179 3453 1244 3498 sua
1269 3436 1342 3500 filia

391 3532 547 3613 praedicti
560 3532 653 3612 regis
669 3533 795 3596 Scotiae
811 3540 1054 3615 procreaverat
1068 3535 1198 3598 solam:
1223 3554 1342 3598 verum

391 3631 474 3712 quia
483 3638 588 3712 nepta
600 3637 609 3665 ‘
620 3631 693 3695 sive
702 3629 723 3664 '²
735 3639 886 3713 cognata
898 3640 975 3696 erat
984 3633 1078 3714 regis
1092 3633 1267 3710 Edwardi,
1279 3635 1342 3696 mi·

392 3738 512 3794 serunt
527 3730 571 3793 ad
588 3750 666 3795 eum
682 3731 717 3795 in
735 3731 959 3808 Vaseoniam‚
978 3751 1019 3796 eo
1043 3733 1135 3814 quod
1155 3739 1239 3796 tune
1255 3739 1342 3796 tem·

392 3830 485 3911 poris
499 3850 630 3893 moram
639 3831 765 3894 ibidem
776 3831 926 3897 faciebat
935 3831 1149 3908 triennalem,
1160 3839 1343 3912 magnates

391 3930 490 4010 regni
506 3930 645 4005 Scotiae,
662 3930 771 4012 ipsius
787 3931 968 3996 consilium
990 3940 1096 4013 atque
1113 3929 1267 3994 favorem
1282 3951 1343 3994 ex-

428 4111 435 4140 ¹
452 4113 599 4164 Alexander
615 4115 667 4164 had
683 4115 717 4176 by
732 4115 783 4164 thie
794 4115 855 4175 lady

391 4188 442 4231 two
460 4199 528 4247 sons,
539 4185 686 4234 Alexander
697 4186 748 4235 and
759 4185 856 4246 David,
916 4179 926 4208 ²
943 4181 1027 4244 ‘sua,'
1039 4183 1097 4234 MS.
1109 4184 1178 4235 Cott.
1190 4185 1248 4233 Tib.

391 4253 450 4300 who
460 4253 520 4301 died
532 4270 626 4316 young.
