3166 4992
443 455 613 503 wannmu
637 457 684 503 nn
708 456 989 504 unuiuennnon.
1123 440 1187 504 187

239 617 418 692 sumptus3
443 610 500 673 cui
523 611 691 679 successit
716 610 870 676 Thomas
897 613 940 676 de
964 612 1188 698 Corebrygge
1212 627 1337 719 llll'l‘lol'

238 710 274 771 in
304 710 456 772 crastino
483 709 603 774 Sancti
627 711 771 775 Martini
795 711 938 790 electus,
965 719 1000 776 et
1026 713 1062 775 in
1090 731 1319 812 comesturum,

239 827 340 890 papae
357 809 580 874 confirmatus
597 811 716 875 eodem
732 830 836 884 anno.
1200 813 1256 852 nov.
1267 813 1297 850 n.

564 1105 705 1170 Mutatio
719 1105 863 1170 Monate.

291 1340 422 1405 Eodem
440 1359 531 1407 anno
549 1341 640 1407 infra
651 1327 796 1414 ‚Natalis
818 1343 988 1407 solemnia
1009 1342 1188 1426 prohibuit
1200 1365 1256 1405 nm
1264 1364 1351 1416 aima

239 1453 301 1504 'rex
325 1461 458 1505 omnem
484 1449 658 1506 monetam
676 1441 904 1524 alienigenam
931 1444 966 1506 in
993 1450 1087 1507 terra
1112 1415 1325 1520 sua,¹'¹⁰¹¹¹b¹²“¹'

239 1560 281 1602 ne
304 1541 449 1605 ulterius
472 1561 535 1622 pro
559 1529 725 1622 sterlingo
746 1539 923 1605 curreret.l
975 1541 1189 1607 Mercatores

238 1640 328 1701 enim
345 1641 546 1721 alienigenae
561 1641 826 1724 introduxerant
840 1638 1055 1721 inungimur
1070 1661 1188 1706 mone-

204 1768 207 1774 ·
238 1745 293 1802 tas
306 1739 473 1822 plurimas
485 1746 520 1802 et
533 1739 673 1821 pessimi
688 1740 829 1816 metalli,
845 1740 1093 1821 pollardorum,
1109 1761 1185 1806 cro-

237 1839 431 1915 oardorum,
449 1838 705 1919 scaldingorum
723 1840 1186 1920 Brabantium,·aquilarum‚

237 1936 453 2001 leoninarum
470 1937 725 2016 dormientium,
744 1945 779 2002 et
801 1938 948 2002 aliorum
970 1937 1186 2004 diversorum

236 2038 423 2101 nominum.
476 2037 655 2118 Erantque
671 2055 789 2102 omnes
806 2044 955 2101 monetae
972 2037 1062 2102 albae
1077 2044 1088 2076 ‘
1097 2057 1186 2120 prae-

235 2137 416 2201 tendentes
426 2133 454 2170 ’2
470 2145 665 2218 argentum,
682 2144 717 2200 et
731 2145 832 2202 erant
849 2137 1077 2201 artificialiter
1091 2157 1185 2201 com·

235 2237 358 2316 positae
375 2235 417 2298 de
435 2242 590 2316 argento,
608 2253 716 2318 cupro
733 2242 768 2300 et
784 2235 962 2318 sulphure,
978 2255 1040 2299 neo
1058 2244 1133 2300 erat
1148 2239 1186 2301 in

237 2341 387 2416 quatuor
408 2354 452 2398 ex
469 2336 519 2398 eis
538 2334 593 2399 vel
610 2336 763 2417 quinque
779 2335 915 2417 pondus
935 2336 1038 2399 unius
1053 2337 1186 2400 denarii

236 2435 413 2515 ‘argentei
424 2455 432 2514 ;
444 2431 471 2467 '³
493 2441 529 2498 et
545 2453 589 2500 ex
605 2442 782 2516 praecepto
799 2435 892 2516 regis
914 2436 1100 2503 currebant
1116 2435 1185 2501 duo

236 2534 350 2596 exeis
373 2553 436 2614 pro
453 2533 626 2614 sterlingo
648 2553 758 2617 usquc
780 2535 825 2598 ad
848 2533 1006 2613 Pascha3
1041 2543 1185 2618 eratque

235 2633 422 2712 pessimum
448 2633 614 2698 saeculum
640 2653 703 2714 pro
729 2634 792 2697 vili
818 2641 969 2711 moneta,
994 2640 1030 2697 et
1057 2635 1185 2699 fiebant

235 2731 522 2796 commutationes
533 2733 690 2814 plurimae
701 2733 736 2795 in
751 2734 924 2814 emptione
939 2741 974 2797 et
989 2733 1185 2798 venditione

234 2849 360 2894 rerum.
410 2831 454 2893 In
471 2830 646 2895 Paschate
659 2851 741 2895 vero
757 2833 916 2913 sequenti
930 2831 1107 2914 probibuit
1122 2853 1185 2896 rex

234 2928 329 3009 ipsas
347 2936 504 2992 monetas
531 2948 574 3000 ex
598 2936 687 3006 toto,
710 2938 745 2994 et
771 2931 885 2996 tenuit
910 2931 1125 2993 excambium
1147 2931 1185 2992 in

234 3025 321 3090 locis
346 3027 515 3109 plurimis,
531 3027 773 3110 dabanturque
796 3041 843 3092 ex'
863 3028 913 3090 eis
929 3047 993 3108 pro
1010 3047 1080 3092 uno
1098 3033 1185 3090 ster-

234 3125 329 3207 lingo
355 3127 506 3208 quinque
536 3127 592 3190 vel
617 3127 693 3190 sex.
756 3126 833 3190 Neo
859 3127 1028 3190 curabant
1059 3145 1103 3190 ex
1134 3127 1184 3191 eis

235 3223 392 3289 homines
417 3234 561 3308 propter
588 3225 758 3289 vilitatem
783 3232 944 3288 monetae.
994 3225 1043 3289 -Et
1069 3233 1185 3289 tamen

233 3323 324 3388 infra
349 3345 479 3389 annum
502 3323 710 3402 revolutum,
737 3331 922 3406 postquam
949 3325 1184 3406 experimento
1228 3363 1230 3366 -

233 3422 426 3489 didicerant
462 3423 618 3488 homines
659 3429 769 3490 artem
801 3424 974 3509 purgandi
1005 3423 1183 3490 metallum

232 3542 310 3587 cum
344 3525 485 3606 plumbo
511 3522 702 3606 liquefacto
717 3523 805 3586 'oum
835 3543 876 3586 eo
901 3522 938 3586 in
966 3523 1059 3604 igne,
1087 3522 1182 3588 vale·

267 3835 334 3900 ¹By
355 3839 398 3887 tho
426 3843 519 3888 statute
548 3841 590 3889 De
616 3840 694 3889 Falsa
719 3841 822 3902 cerning
838 3841 894 3889 coin
910 3841 961 3890 and
977 3842 1055 3903 plato,
1071 3842 1122 3890 and
1140 3857 1184 3890 ex-

230 3909 345 3970 Moneta‚
361 3909 437 3970 given
452 3913 480 3957 at
492 3909 612 3972 Stepnoy,
629 3909 693 3970 May
719 3904 909 3970 change-tables
924 3925 993 3958 were
1006 3911 1139 3959 instituted
1156 3916 1183 3960 at

232 3981 272 4039 15,
283 3981 357 4038 1299,
367 3975 410 4025 the
421 3979 582 4038 importation
593 3978 622 4026 ol
629 3978 693 4027 false
719 3979 806 4027 Dover
817 3978 868 4026 end
884 3979 956 4027 other
963 3983 1044 4040 ports.
1080 3979 1144 4030 sat.
1156 3980 1185 4028 oi

228 4062 319 4107 money
329 4061 385 4096 was
396 4045 538 4107 prohibited
551 4048 632 4095 under
643 4047 693 4095 for·
717 4048 760 4096 the
773 4047 871 4108 Remu,
882 4048 899 4096 i.
913 4051 969 4097 1³1.

229 4117 320 4165 ieiture
329 4116 358 4165 os
367 4116 412 4165 lile
423 4115 473 4164 end
489 4116 577 4178 goods.
611 4115 694 4174 Many
752 4113 763 4144 ²
779 4116 988 4178 ‘praecedentes,'
999 4116 1058 4167 MS.
1069 4117 1165 4168 Lansd.

228 4186 300 4236 other
310 4185 465 4250 reguletions
473 4199 541 4235 were
549 4185 623 4234 made
634 4199 693 4235 oon·
755 4182 766 4217 ⁸
780 4185 894 4236 Omitted
904 4187 932 4235 in
943 4187 1001 4236 MS.
1013 4187 1081 4238 cau.
1092 4188 1171 4250 Vesp.
