<?xml version="1.0" encoding="UTF-8"?>
<!DOCTYPE html PUBLIC "-//W3C//DTD XHTML 1.0 Transitional//EN"
    "http://www.w3.org/TR/xhtml1/DTD/xhtml1-transitional.dtd">
<html xmlns="http://www.w3.org/1999/xhtml" xml:lang="en" lang="en">
 <head>
  <title>
</title>
<meta http-equiv="Content-Type" content="text/html;charset=utf-8" />
  <meta name='ocr-system' content='tesseract 3.04.00' />
  <meta name='ocr-capabilities' content='ocr_page ocr_carea ocr_par ocr_line ocrx_word'/>
</head>
<body>
  <div class='ocr_page' id='page_1' title='image "./chronicondomini00hamigoog_0290.png"; bbox 0 0 3138 4988; ppageno 0'>
   <div class='ocr_carea' id='block_1_1' title="bbox 414 465 1043 534">
    <p class='ocr_par' dir='ltr' id='par_1_1' title="bbox 414 465 1043 534">
     <span class='ocr_line' id='line_1_1' title="bbox 414 465 1043 534; baseline 0.008 -4"><span class='ocrx_word' id='word_1_1' title='bbox 414 465 481 530; x_wconf 77' lang='grc'><strong>276</strong></span> <span class='ocrx_word' id='word_1_2' title='bbox 785 465 993 534; x_wconf 70' lang='lat' dir='ltr'><strong>canonicor</strong></span> <span class='ocrx_word' id='word_1_3' title='bbox 1039 481 1043 490; x_wconf 87' lang='grc'><em>’</em></span> 
     </span>
    </p>
   </div>
   <div class='ocr_carea' id='block_1_2' title="bbox 265 640 1370 755">
    <p class='ocr_par' dir='ltr' id='par_1_2' title="bbox 265 640 1370 755">
     <span class='ocr_line' id='line_1_2' title="bbox 265 640 1370 755; baseline -0.003 -49"><span class='ocrx_word' id='word_1_4' title='bbox 265 665 396 755; x_wconf 46' lang='lat' dir='ltr'><strong>{afflig</strong></span> <span class='ocrx_word' id='word_1_5' title='bbox 417 647 628 722; x_wconf 85' lang='lat' dir='ltr'><strong>perpetrata,</strong></span> <span class='ocrx_word' id='word_1_6' title='bbox 645 640 729 704; x_wconf 89' lang='lat' dir='ltr'><strong>data</strong></span> <span class='ocrx_word' id='word_1_7' title='bbox 756 642 903 724; x_wconf 89' lang='lat' dir='ltr'><strong>pecunia</strong></span> <span class='ocrx_word' id='word_1_8' title='bbox 926 643 1077 705; x_wconf 89' lang='lat' dir='ltr'><strong>inierunt</strong></span> <span class='ocrx_word' id='word_1_9' title='bbox 1095 661 1174 706; x_wconf 91' lang='lat' dir='ltr'><strong>cum</strong></span> <span class='ocrx_word' id='word_1_10' title='bbox 1200 642 1250 706; x_wconf 92' lang='lat' dir='ltr'><strong>eis</strong></span> <span class='ocrx_word' id='word_1_11' title='bbox 1271 648 1370 704; x_wconf 90' lang='lat' dir='ltr'><strong>treu-</strong></span> 
     </span>
    </p>
   </div>
   <div class='ocr_carea' id='block_1_3' title="bbox 257 739 1374 1122">
    <p class='ocr_par' dir='ltr' id='par_1_3' title="bbox 257 739 1369 923">
     <span class='ocr_line' id='line_1_3' title="bbox 257 739 1369 821; baseline -0.001 -18"><span class='ocrx_word' id='word_1_12' title='bbox 257 739 502 821; x_wconf 84' lang='lat' dir='ltr'><strong>--··-gas¹</strong></span> <span class='ocrx_word' id='word_1_13' title='bbox 536 759 646 821; x_wconf 89' lang='lat' dir='ltr'><strong>usque</strong></span> <span class='ocrx_word' id='word_1_14' title='bbox 672 743 707 805; x_wconf 91' lang='lat' dir='ltr'><strong>in</strong></span> <span class='ocrx_word' id='word_1_15' title='bbox 739 741 927 805; x_wconf 87' lang='lat' dir='ltr'><strong>crastinum</strong></span> <span class='ocrx_word' id='word_1_16' title='bbox 950 742 1071 805; x_wconf 79' lang='lat' dir='ltr'><strong>Sancti</strong></span> <span class='ocrx_word' id='word_1_17' title='bbox 1093 741 1232 805; x_wconf 89' lang='lat' dir='ltr'><strong>Hilarii.</strong></span> <span class='ocrx_word' id='word_1_18' title='bbox 1277 739 1369 802; x_wconf 90' lang='lat' dir='ltr'><strong>Pro·</strong></span> 
     </span>
     <span class='ocr_line' id='line_1_4' title="bbox 257 801 1366 923; baseline 0.001 -23"><span class='ocrx_word' id='word_1_19' title='bbox 257 801 363 899; x_wconf 37' lang='lat' dir='ltr'><strong>32:23¹·sp</strong></span> <span class='ocrx_word' id='word_1_20' title='bbox 417 840 666 922; x_wconf 86' lang='lat' dir='ltr'><strong>longatumque</strong></span> <span class='ocrx_word' id='word_1_21' title='bbox 678 847 732 904; x_wconf 90' lang='lat' dir='ltr'><strong>est</strong></span> <span class='ocrx_word' id='word_1_22' title='bbox 747 841 1013 922; x_wconf 84' lang='lat' dir='ltr'>parliamentum</span> <span class='ocrx_word' id='word_1_23' title='bbox 1028 841 1191 923; x_wconf 90' lang='lat' dir='ltr'><strong>usquead</strong></span> <span class='ocrx_word' id='word_1_24' title='bbox 1206 839 1366 918; x_wconf 85' lang='lat' dir='ltr'><strong>Quadra-</strong></span> 
     </span>
    </p>

    <p class='ocr_par' dir='ltr' id='par_1_4' title="bbox 259 939 1374 1122">
     <span class='ocr_line' id='line_1_5' title="bbox 419 939 1374 1023; baseline -0.003 -20"><span class='ocrx_word' id='word_1_25' title='bbox 419 939 597 1021; x_wconf 89' lang='lat' dir='ltr'><strong>gesimam,</strong></span> <span class='ocrx_word' id='word_1_26' title='bbox 612 947 649 1003; x_wconf 94' lang='lat' dir='ltr'><strong>et</strong></span> <span class='ocrx_word' id='word_1_27' title='bbox 663 947 816 1004; x_wconf 87' lang='lat' dir='ltr'><strong>mutatus</strong></span> <span class='ocrx_word' id='word_1_28' title='bbox 840 949 894 1003; x_wconf 89' lang='lat' dir='ltr'><strong>est</strong></span> <span class='ocrx_word' id='word_1_29' title='bbox 915 941 1012 1004; x_wconf 92' lang='lat' dir='ltr'><strong>locus</strong></span> <span class='ocrx_word' id='word_1_30' title='bbox 1030 959 1138 1023; x_wconf 88' lang='lat' dir='ltr'><strong>usque</strong></span> <span class='ocrx_word' id='word_1_31' title='bbox 1157 939 1374 1004; x_wconf 75' lang='lat' dir='ltr'><strong>Londonias·</strong></span> 
     </span>
     <span class='ocr_line' id='line_1_6' title="bbox 259 1037 1367 1122; baseline -0.003 -20"><span class='ocrx_word' id='word_1_32' title='bbox 259 1064 389 1102; x_wconf 64' lang='lat' dir='ltr'><strong>mennon·</strong></span> <span class='ocrx_word' id='word_1_33' title='bbox 421 1037 465 1101; x_wconf 97' lang='lat' dir='ltr'><strong>In</strong></span> <span class='ocrx_word' id='word_1_34' title='bbox 487 1040 654 1122; x_wconf 91' lang='lat' dir='ltr'><strong>principio</strong></span> <span class='ocrx_word' id='word_1_35' title='bbox 670 1058 753 1103; x_wconf 88' lang='lat' dir='ltr'><strong>vero</strong></span> <span class='ocrx_word' id='word_1_36' title='bbox 771 1038 1056 1121; x_wconf 83' lang='lat' dir='ltr'><strong>Quadragesimae</strong></span> <span class='ocrx_word' id='word_1_37' title='bbox 1074 1041 1185 1104; x_wconf 91' lang='lat' dir='ltr'><strong>tenuit</strong></span> <span class='ocrx_word' id='word_1_38' title='bbox 1206 1058 1270 1102; x_wconf 87' lang='lat' dir='ltr'><strong>rex</strong></span> <span class='ocrx_word' id='word_1_39' title='bbox 1287 1057 1367 1120; x_wconf 92' lang='lat' dir='ltr'><strong>par·</strong></span> 
     </span>
    </p>
   </div>
   <div class='ocr_carea' id='block_1_4' title="bbox 259 1118 346 1152">
    <p class='ocr_par' dir='ltr' id='par_1_5' title="bbox 259 1118 346 1152">
     <span class='ocr_line' id='line_1_7' title="bbox 259 1118 346 1152; baseline 0 0"><span class='ocrx_word' id='word_1_40' title='bbox 259 1118 316 1152; x_wconf 77' lang='lat' dir='ltr'><strong>meet</strong></span> <span class='ocrx_word' id='word_1_41' title='bbox 324 1119 346 1152; x_wconf 77' lang='lat' dir='ltr'><strong>et</strong></span> 
     </span>
    </p>
   </div>
   <div class='ocr_carea' id='block_1_5' title="bbox 260 1138 1369 1220">
    <p class='ocr_par' dir='ltr' id='par_1_6' title="bbox 260 1138 1369 1220">
     <span class='ocr_line' id='line_1_8' title="bbox 260 1138 1369 1220; baseline -0.004 -18"><span class='ocrx_word' id='word_1_42' title='bbox 260 1163 387 1202; x_wconf 54' lang='lat' dir='ltr'><strong>umens</strong></span> <span class='ocrx_word' id='word_1_43' title='bbox 419 1139 623 1202; x_wconf 89' lang='lat' dir='ltr'><strong>liamentum</strong></span> <span class='ocrx_word' id='word_1_44' title='bbox 637 1159 739 1203; x_wconf 89' lang='lat' dir='ltr'><strong>suum</strong></span> <span class='ocrx_word' id='word_1_45' title='bbox 755 1159 919 1220; x_wconf 86' lang='lat' dir='ltr'><strong>magnum</strong></span> <span class='ocrx_word' id='word_1_46' title='bbox 936 1138 1136 1216; x_wconf 89' lang='lat' dir='ltr'><strong>Londoniis‚</strong></span> <span class='ocrx_word' id='word_1_47' title='bbox 1152 1146 1187 1203; x_wconf 89' lang='lat' dir='ltr'><strong>et</strong></span> <span class='ocrx_word' id='word_1_48' title='bbox 1202 1143 1369 1203; x_wconf 90' lang='lat' dir='ltr'><strong>venerunt</strong></span> 
     </span>
    </p>
   </div>
   <div class='ocr_carea' id='block_1_6' title="bbox 258 1213 343 1252">
    <p class='ocr_par' dir='ltr' id='par_1_7' title="bbox 258 1213 343 1252">
     <span class='ocr_line' id='line_1_9' title="bbox 258 1213 343 1252; baseline -0.012 0"><span class='ocrx_word' id='word_1_49' title='bbox 258 1217 292 1252; x_wconf 84' lang='lat' dir='ltr'><strong>ter</strong></span> <span class='ocrx_word' id='word_1_50' title='bbox 300 1213 343 1251; x_wconf 73' lang='lat' dir='ltr'><strong>und</strong></span> 
     </span>
    </p>
   </div>
   <div class='ocr_carea' id='block_1_7' title="bbox 259 1237 1428 2016">
    <p class='ocr_par' dir='ltr' id='par_1_8' title="bbox 259 1237 1428 2016">
     <span class='ocr_line' id='line_1_10' title="bbox 260 1237 1369 1320; baseline -0.004 -18"><span class='ocrx_word' id='word_1_51' title='bbox 260 1264 368 1312; x_wconf 55' lang='lat' dir='ltr'><strong>aaran</strong></span> <span class='ocrx_word' id='word_1_52' title='bbox 419 1238 548 1301; x_wconf 87' lang='lat' dir='ltr'><strong>ibidem</strong></span> <span class='ocrx_word' id='word_1_53' title='bbox 573 1239 717 1304; x_wconf 79' lang='lat' dir='ltr'><strong>comites</strong></span> <span class='ocrx_word' id='word_1_54' title='bbox 747 1257 827 1303; x_wconf 90' lang='lat' dir='ltr'><strong>cum</strong></span> <span class='ocrx_word' id='word_1_55' title='bbox 852 1239 957 1302; x_wconf 89' lang='lat' dir='ltr'><strong>armis</strong></span> <span class='ocrx_word' id='word_1_56' title='bbox 987 1247 1023 1302; x_wconf 92' lang='lat' dir='ltr'><strong>et</strong></span> <span class='ocrx_word' id='word_1_57' title='bbox 1050 1237 1172 1320; x_wconf 67' lang='lat' dir='ltr'><strong>equis.²</strong></span> <span class='ocrx_word' id='word_1_58' title='bbox 1216 1238 1264 1302; x_wconf 90' lang='lat' dir='ltr'><strong>Et</strong></span> <span class='ocrx_word' id='word_1_59' title='bbox 1291 1241 1369 1319; x_wconf 87' lang='lat' dir='ltr'><strong>post</strong></span> 
     </span>
     <span class='ocr_line' id='line_1_11' title="bbox 259 1313 1368 1414; baseline -0.005 -12"><span class='ocrx_word' id='word_1_60' title='bbox 259 1313 409 1404; x_wconf 59' lang='lat' dir='ltr'><strong>Sitillia</strong></span> <span class='ocrx_word' id='word_1_61' title='bbox 422 1338 549 1401; x_wconf 83' lang='lat' dir='ltr'><strong>multas</strong></span> <span class='ocrx_word' id='word_1_62' title='bbox 578 1338 833 1414; x_wconf 88' lang='lat' dir='ltr'><strong>altercationes,</strong></span> <span class='ocrx_word' id='word_1_63' title='bbox 863 1340 1035 1402; x_wconf 85' lang='lat' dir='ltr'><strong>concessit</strong></span> <span class='ocrx_word' id='word_1_64' title='bbox 1059 1358 1122 1401; x_wconf 85' lang='lat' dir='ltr'><strong>rex</strong></span> <span class='ocrx_word' id='word_1_65' title='bbox 1153 1345 1248 1402; x_wconf 89' lang='lat' dir='ltr'><strong>stare</strong></span> <span class='ocrx_word' id='word_1_66' title='bbox 1276 1336 1368 1400; x_wconf 90' lang='lat' dir='ltr'><strong>ordi-</strong></span> 
     </span>
     <span class='ocr_line' id='line_1_12' title="bbox 422 1436 1368 1520; baseline -0.004 -20"><span class='ocrx_word' id='word_1_67' title='bbox 422 1437 555 1516; x_wconf 79' lang='lat' dir='ltr'><strong>nationi</strong></span> <span class='ocrx_word' id='word_1_68' title='bbox 580 1445 731 1518; x_wconf 89' lang='lat' dir='ltr'><strong>quatuor</strong></span> <span class='ocrx_word' id='word_1_69' title='bbox 752 1436 1003 1520; x_wconf 85' lang='lat' dir='ltr'><strong>episcoporum,</strong></span> <span class='ocrx_word' id='word_1_70' title='bbox 1018 1444 1169 1519; x_wconf 89' lang='lat' dir='ltr'><strong>quatuor</strong></span> <span class='ocrx_word' id='word_1_71' title='bbox 1191 1437 1368 1509; x_wconf 90' lang='lat' dir='ltr'><strong>comitum,</strong></span> 
     </span>
     <span class='ocr_line' id='line_1_13' title="bbox 423 1534 1377 1618; baseline -0.003 -18"><span class='ocrx_word' id='word_1_72' title='bbox 423 1544 459 1600; x_wconf 88' lang='lat' dir='ltr'><strong>et</strong></span> <span class='ocrx_word' id='word_1_73' title='bbox 496 1544 646 1618; x_wconf 86' lang='lat' dir='ltr'><strong>quatuor</strong></span> <span class='ocrx_word' id='word_1_74' title='bbox 682 1537 876 1615; x_wconf 88' lang='lat' dir='ltr'><strong>baronum;</strong></span> <span class='ocrx_word' id='word_1_75' title='bbox 920 1544 956 1600; x_wconf 91' lang='lat' dir='ltr'><strong>et</strong></span> <span class='ocrx_word' id='word_1_76' title='bbox 993 1536 1085 1618; x_wconf 92' lang='lat' dir='ltr'><strong>quod</strong></span> <span class='ocrx_word' id='word_1_77' title='bbox 1121 1537 1157 1600; x_wconf 94' lang='lat' dir='ltr'><strong>in</strong></span> <span class='ocrx_word' id='word_1_78' title='bbox 1200 1534 1377 1617; x_wconf 88' lang='lat' dir='ltr'><strong>quindena</strong></span> 
     </span>
     <span class='ocr_line' id='line_1_14' title="bbox 424 1623 1428 1718; baseline -0.003 -20"><span class='ocrx_word' id='word_1_79' title='bbox 424 1635 571 1700; x_wconf 87' lang='lat' dir='ltr'><strong>Paschae</strong></span> <span class='ocrx_word' id='word_1_80' title='bbox 601 1644 705 1699; x_wconf 83' lang='lat' dir='ltr'><strong>eertae</strong></span> <span class='ocrx_word' id='word_1_81' title='bbox 737 1655 895 1718; x_wconf 89' lang='lat' dir='ltr'><strong>personae</strong></span> <span class='ocrx_word' id='word_1_82' title='bbox 927 1635 1135 1717; x_wconf 77' lang='lat' dir='ltr'><strong>eligerentur</strong></span> <span class='ocrx_word' id='word_1_83' title='bbox 1168 1623 1376 1710; x_wconf 78' lang='lat' dir='ltr'><strong>Londoniis,¹</strong></span> <span class='ocrx_word' id='word_1_84' title='bbox 1426 1663 1428 1667; x_wconf 95' lang='lat'>·</span> 
     </span>
     <span class='ocr_line' id='line_1_15' title="bbox 424 1734 1372 1817; baseline -0.001 -21"><span class='ocrx_word' id='word_1_85' title='bbox 424 1735 483 1797; x_wconf 88' lang='lat' dir='ltr'><strong>ubi</strong></span> <span class='ocrx_word' id='word_1_86' title='bbox 508 1735 631 1798; x_wconf 83' lang='lat' dir='ltr'><strong>statuit</strong></span> <span class='ocrx_word' id='word_1_87' title='bbox 652 1734 917 1817; x_wconf 79' lang='lat' dir='ltr'><strong>parliamentum</strong></span> <span class='ocrx_word' id='word_1_88' title='bbox 934 1736 1042 1798; x_wconf 92' lang='lat' dir='ltr'><strong>teneri</strong></span> <span class='ocrx_word' id='word_1_89' title='bbox 1068 1735 1188 1798; x_wconf 89' lang='lat' dir='ltr'><strong>eodem</strong></span> <span class='ocrx_word' id='word_1_90' title='bbox 1206 1741 1372 1815; x_wconf 88' lang='lat' dir='ltr'><strong>tempore.</strong></span> 
     </span>
     <span class='ocr_line' id='line_1_16' title="bbox 427 1833 1372 1916; baseline -0.002 -20"><span class='ocrx_word' id='word_1_91' title='bbox 427 1833 570 1898; x_wconf 83' lang='lat' dir='ltr'><strong>Interim</strong></span> <span class='ocrx_word' id='word_1_92' title='bbox 597 1833 680 1898; x_wconf 84' lang='lat' dir='ltr'><strong>fecit</strong></span> <span class='ocrx_word' id='word_1_93' title='bbox 705 1853 769 1900; x_wconf 85' lang='lat' dir='ltr'><strong>rex</strong></span> <span class='ocrx_word' id='word_1_94' title='bbox 795 1849 888 1899; x_wconf 74' lang='lat' dir='ltr'>XXV.</span> <span class='ocrx_word' id='word_1_95' title='bbox 914 1833 1092 1899; x_wconf 90' lang='lat' dir='ltr'><strong>denarium</strong></span> <span class='ocrx_word' id='word_1_96' title='bbox 1119 1834 1242 1910; x_wconf 91' lang='lat' dir='ltr'><strong>levari,</strong></span> <span class='ocrx_word' id='word_1_97' title='bbox 1269 1853 1372 1916; x_wconf 89' lang='lat' dir='ltr'><strong>quem</strong></span> 
     </span>
     <span class='ocr_line' id='line_1_17' title="bbox 425 1934 1373 2016; baseline 0 -20"><span class='ocrx_word' id='word_1_98' title='bbox 425 1943 668 1998; x_wconf 90' lang='lat' dir='ltr'><strong>concesserant</strong></span> <span class='ocrx_word' id='word_1_99' title='bbox 703 1940 885 2014; x_wconf 85' lang='lat' dir='ltr'><strong>magnates</strong></span> <span class='ocrx_word' id='word_1_100' title='bbox 917 1941 956 1997; x_wconf 90' lang='lat' dir='ltr'><strong>ut</strong></span> <span class='ocrx_word' id='word_1_101' title='bbox 986 1951 1105 2016; x_wconf 88' lang='lat' dir='ltr'><strong>supra.</strong></span> <span class='ocrx_word' id='word_1_102' title='bbox 1158 1934 1262 2016; x_wconf 90' lang='lat' dir='ltr'><strong>Papa</strong></span> <span class='ocrx_word' id='word_1_103' title='bbox 1289 1951 1373 1996; x_wconf 84' lang='lat' dir='ltr'><strong>vero</strong></span> 
     </span>
    </p>
   </div>
   <div class='ocr_carea' id='block_1_8' title="bbox 427 2032 1310 2116">
    <p class='ocr_par' dir='ltr' id='par_1_9' title="bbox 427 2032 1310 2116">
     <span class='ocr_line' id='line_1_18' title="bbox 427 2032 1310 2116; baseline -0.001 -20"><span class='ocrx_word' id='word_1_104' title='bbox 427 2035 545 2114; x_wconf 83' lang='lat' dir='ltr'><strong>exegit</strong></span> <span class='ocrx_word' id='word_1_105' title='bbox 561 2052 583 2096; x_wconf 92' lang='lat' dir='ltr'><strong>a</strong></span> <span class='ocrx_word' id='word_1_106' title='bbox 597 2034 689 2097; x_wconf 90' lang='lat' dir='ltr'><strong>clero</strong></span> <span class='ocrx_word' id='word_1_107' title='bbox 705 2033 806 2116; x_wconf 89' lang='lat' dir='ltr'><strong>quasi</strong></span> <span class='ocrx_word' id='word_1_108' title='bbox 821 2039 891 2097; x_wconf 88' lang='lat' dir='ltr'><strong>tres</strong></span> <span class='ocrx_word' id='word_1_109' title='bbox 906 2032 1056 2098; x_wconf 88' lang='lat' dir='ltr'><strong>decimas</strong></span> <span class='ocrx_word' id='word_1_110' title='bbox 1071 2033 1193 2098; x_wconf 90' lang='lat' dir='ltr'><strong>eodem</strong></span> <span class='ocrx_word' id='word_1_111' title='bbox 1207 2051 1310 2096; x_wconf 90' lang='lat' dir='ltr'><strong>anno.</strong></span> 
     </span>
    </p>
   </div>
   <div class='ocr_carea' id='block_1_9' title="bbox 430 2253 1376 2440">
    <p class='ocr_par' dir='ltr' id='par_1_10' title="bbox 430 2253 1376 2440">
     <span class='ocr_line' id='line_1_19' title="bbox 430 2253 1376 2440; baseline -0.002 -120"><span class='ocrx_word' id='word_1_112' title='bbox 430 2255 597 2320; x_wconf 77' lang='lat' dir='ltr'><strong>Ordinatio</strong></span> <span class='ocrx_word' id='word_1_113' title='bbox 613 2265 684 2313; x_wconf 77' lang='grc' dir='ltr'><strong>ΧΗ.</strong></span> <span class='ocrx_word' id='word_1_114' title='bbox 699 2255 961 2440; x_wconf 47' lang='lat' dir='ltr'><strong>diapsalmi·</strong></span> <span class='ocrx_word' id='word_1_115' title='bbox 977 2257 1106 2320; x_wconf 71' lang='lat' dir='ltr'><strong>Cortum</strong></span> <span class='ocrx_word' id='word_1_116' title='bbox 1122 2253 1216 2341; x_wconf 72' lang='lat' dir='ltr'><strong>Rapis</strong></span> <span class='ocrx_word' id='word_1_117' title='bbox 1229 2254 1267 2319; x_wconf 76' lang='lat' dir='ltr'><strong>de</strong></span> <span class='ocrx_word' id='word_1_118' title='bbox 1282 2255 1376 2318; x_wconf 77' lang='lat' dir='ltr'><strong>Stolo</strong></span> 
     </span>
     <span class='ocr_line' id='line_1_20' title="bbox 932 2376 957 2421; baseline 0.12 -3"><span class='ocrx_word' id='word_1_119' title='bbox 932 2376 957 2421; x_wconf 78' lang='lat' dir='ltr'><strong>r.</strong></span> 
     </span>
    </p>
   </div>
   <div class='ocr_carea' id='block_1_10' title="bbox 270 2501 1380 3184">
    <p class='ocr_par' dir='ltr' id='par_1_11' title="bbox 431 2501 1379 3082">
     <span class='ocr_line' id='line_1_21' title="bbox 473 2501 1375 2586; baseline -0.001 -20"><span class='ocrx_word' id='word_1_120' title='bbox 473 2501 577 2566; x_wconf 87' lang='lat' dir='ltr'><strong>Anno</strong></span> <span class='ocrx_word' id='word_1_121' title='bbox 587 2504 728 2567; x_wconf 90' lang='lat' dir='ltr'><strong>Domini</strong></span> <span class='ocrx_word' id='word_1_122' title='bbox 742 2520 889 2568; x_wconf 74' lang='lat' dir='ltr'><strong>mcccx.</strong></span> <span class='ocrx_word' id='word_1_123' title='bbox 903 2502 1014 2570; x_wconf 89' lang='lat' dir='ltr'><strong>tenuit</strong></span> <span class='ocrx_word' id='word_1_124' title='bbox 1031 2523 1094 2567; x_wconf 84' lang='lat' dir='ltr'><strong>rex</strong></span> <span class='ocrx_word' id='word_1_125' title='bbox 1111 2503 1375 2586; x_wconf 85' lang='lat' dir='ltr'><strong>parliamentum</strong></span> 
     </span>
     <span class='ocr_line' id='line_1_22' title="bbox 431 2601 1377 2684; baseline 0 -20"><span class='ocrx_word' id='word_1_126' title='bbox 431 2619 532 2664; x_wconf 89' lang='lat' dir='ltr'><strong>suum</strong></span> <span class='ocrx_word' id='word_1_127' title='bbox 566 2601 753 2665; x_wconf 91' lang='lat' dir='ltr'><strong>Londoniis</strong></span> <span class='ocrx_word' id='word_1_128' title='bbox 780 2604 815 2665; x_wconf 93' lang='lat' dir='ltr'><strong>in</strong></span> <span class='ocrx_word' id='word_1_129' title='bbox 843 2603 1016 2684; x_wconf 89' lang='lat' dir='ltr'><strong>quindena</strong></span> <span class='ocrx_word' id='word_1_130' title='bbox 1046 2601 1205 2666; x_wconf 78' lang='lat' dir='ltr'><strong>Paschae.</strong></span> <span class='ocrx_word' id='word_1_131' title='bbox 1262 2601 1377 2664; x_wconf 76' lang='lat' dir='ltr'><strong>Vene-</strong></span> 
     </span>
     <span class='ocr_line' id='line_1_23' title="bbox 433 2702 1376 2784; baseline 0 -22"><span class='ocrx_word' id='word_1_132' title='bbox 433 2707 582 2784; x_wconf 88' lang='lat' dir='ltr'><strong>runtque</strong></span> <span class='ocrx_word' id='word_1_133' title='bbox 601 2702 650 2764; x_wconf 93' lang='lat' dir='ltr'><strong>ibi</strong></span> <span class='ocrx_word' id='word_1_134' title='bbox 670 2702 813 2765; x_wconf 89' lang='lat' dir='ltr'><strong>comites</strong></span> <span class='ocrx_word' id='word_1_135' title='bbox 835 2709 871 2765; x_wconf 89' lang='lat' dir='ltr'><strong>et</strong></span> <span class='ocrx_word' id='word_1_136' title='bbox 892 2703 1009 2766; x_wconf 82' lang='lat' dir='ltr'><strong>caeteri</strong></span> <span class='ocrx_word' id='word_1_137' title='bbox 1025 2709 1205 2784; x_wconf 86' lang='lat' dir='ltr'><strong>magnates</strong></span> <span class='ocrx_word' id='word_1_138' title='bbox 1221 2702 1258 2765; x_wconf 93' lang='lat' dir='ltr'><strong>in</strong></span> <span class='ocrx_word' id='word_1_139' title='bbox 1273 2719 1376 2763; x_wconf 93' lang='lat' dir='ltr'><strong>manu</strong></span> 
     </span>
     <span class='ocr_line' id='line_1_24' title="bbox 433 2798 1379 2883; baseline 0 -22"><span class='ocrx_word' id='word_1_140' title='bbox 433 2798 526 2862; x_wconf 87' lang='lat' dir='ltr'><strong>sorti.</strong></span> <span class='ocrx_word' id='word_1_141' title='bbox 577 2800 625 2864; x_wconf 90' lang='lat' dir='ltr'><strong>Et</strong></span> <span class='ocrx_word' id='word_1_142' title='bbox 640 2801 839 2883; x_wconf 87' lang='lat' dir='ltr'><strong>compulsus</strong></span> <span class='ocrx_word' id='word_1_143' title='bbox 857 2810 910 2864; x_wconf 89' lang='lat' dir='ltr'><strong>est</strong></span> <span class='ocrx_word' id='word_1_144' title='bbox 926 2821 989 2864; x_wconf 86' lang='lat' dir='ltr'><strong>rex</strong></span> <span class='ocrx_word' id='word_1_145' title='bbox 1003 2800 1191 2883; x_wconf 88' lang='lat' dir='ltr'><strong>adimplere</strong></span> <span class='ocrx_word' id='word_1_146' title='bbox 1207 2821 1285 2883; x_wconf 87' lang='lat' dir='ltr'><strong>quae</strong></span> <span class='ocrx_word' id='word_1_147' title='bbox 1300 2819 1379 2882; x_wconf 88' lang='lat' dir='ltr'><strong>pro·</strong></span> 
     </span>
     <span class='ocr_line' id='line_1_25' title="bbox 433 2898 1379 2983; baseline -0.001 -22"><span class='ocrx_word' id='word_1_148' title='bbox 433 2898 597 2978; x_wconf 90' lang='lat' dir='ltr'><strong>miserat;</strong></span> <span class='ocrx_word' id='word_1_149' title='bbox 629 2900 798 2982; x_wconf 88' lang='lat' dir='ltr'><strong>electique</strong></span> <span class='ocrx_word' id='word_1_150' title='bbox 814 2909 897 2966; x_wconf 90' lang='lat' dir='ltr'><strong>sunt</strong></span> <span class='ocrx_word' id='word_1_151' title='bbox 912 2900 1104 2976; x_wconf 87' lang='lat' dir='ltr'><strong>duodecim,</strong></span> <span class='ocrx_word' id='word_1_152' title='bbox 1121 2907 1161 2963; x_wconf 91' lang='lat' dir='ltr'><strong>ut</strong></span> <span class='ocrx_word' id='word_1_153' title='bbox 1177 2899 1379 2983; x_wconf 89' lang='lat' dir='ltr'><strong>praedictum</strong></span> 
     </span>
     <span class='ocr_line' id='line_1_26' title="bbox 435 2999 1378 3082; baseline -0.002 -20"><span class='ocrx_word' id='word_1_154' title='bbox 435 3004 507 3063; x_wconf 86' lang='lat' dir='ltr'><strong>cst:</strong></span> <span class='ocrx_word' id='word_1_155' title='bbox 530 3006 683 3082; x_wconf 88' lang='lat' dir='ltr'><strong>quatuor</strong></span> <span class='ocrx_word' id='word_1_156' title='bbox 706 3000 837 3064; x_wconf 86' lang='lat' dir='ltr'><strong>scilicet</strong></span> <span class='ocrx_word' id='word_1_157' title='bbox 863 2999 1029 3082; x_wconf 90' lang='lat' dir='ltr'><strong>episcopi,</strong></span> <span class='ocrx_word' id='word_1_158' title='bbox 1051 3008 1201 3082; x_wconf 88' lang='lat' dir='ltr'><strong>quatuor</strong></span> <span class='ocrx_word' id='word_1_159' title='bbox 1225 2999 1378 3072; x_wconf 88' lang='lat' dir='ltr'><strong>comites,</strong></span> 
     </span>
    </p>

    <p class='ocr_par' dir='ltr' id='par_1_12' title="bbox 270 3097 1380 3184">
     <span class='ocr_line' id='line_1_27' title="bbox 270 3097 1380 3184; baseline -0.007 -18"><span class='ocrx_word' id='word_1_160' title='bbox 270 3122 398 3166; x_wconf 67' lang='lat' dir='ltr'><strong>commum</strong></span> <span class='ocrx_word' id='word_1_161' title='bbox 434 3097 811 3184; x_wconf 84' lang='lat' dir='ltr'><strong>etquatuorbarones.³</strong></span> <span class='ocrx_word' id='word_1_162' title='bbox 856 3098 991 3176; x_wconf 84' lang='lat' dir='ltr'><strong>Quibus</strong></span> <span class='ocrx_word' id='word_1_163' title='bbox 1003 3099 1097 3163; x_wconf 86' lang='lat' dir='ltr'><strong>dedit</strong></span> <span class='ocrx_word' id='word_1_164' title='bbox 1113 3118 1175 3163; x_wconf 81' lang='lat' dir='ltr'><strong>rex</strong></span> <span class='ocrx_word' id='word_1_165' title='bbox 1186 3118 1248 3180; x_wconf 92' lang='lat' dir='ltr'><strong>per</strong></span> <span class='ocrx_word' id='word_1_166' title='bbox 1262 3098 1380 3160; x_wconf 83' lang='lat' dir='ltr'><strong>literas</strong></span> 
     </span>
    </p>
   </div>
   <div class='ocr_carea' id='block_1_11' title="bbox 270 3172 1382 3281">
    <p class='ocr_par' dir='ltr' id='par_1_13' title="bbox 270 3172 1382 3281">
     <span class='ocr_line' id='line_1_28' title="bbox 270 3172 1382 3281; baseline 0.007 -31"><span class='ocrx_word' id='word_1_167' title='bbox 270 3172 415 3225; x_wconf 70' lang='lat'><strong>⁸⁹⁹⁰¹¹¹²“¹‘⁰</strong></span> <span class='ocrx_word' id='word_1_168' title='bbox 434 3216 516 3261; x_wconf 83' lang='lat' dir='ltr'><strong>suas</strong></span> <span class='ocrx_word' id='word_1_169' title='bbox 540 3197 723 3281; x_wconf 79' lang='lat' dir='ltr'><strong>patentes⁴</strong></span> <span class='ocrx_word' id='word_1_170' title='bbox 751 3197 890 3281; x_wconf 88' lang='lat' dir='ltr'><strong>plenam</strong></span> <span class='ocrx_word' id='word_1_171' title='bbox 918 3205 1127 3280; x_wconf 88' lang='lat' dir='ltr'><strong>potestatem</strong></span> <span class='ocrx_word' id='word_1_172' title='bbox 1148 3196 1322 3262; x_wconf 89' lang='lat' dir='ltr'><strong>tractandi</strong></span> <span class='ocrx_word' id='word_1_173' title='bbox 1347 3204 1382 3259; x_wconf 92' lang='lat' dir='ltr'><strong>et</strong></span> 
     </span>
    </p>
   </div>
   <div class='ocr_carea' id='block_1_12' title="bbox 371 3387 1390 4284">
    <p class='ocr_par' dir='ltr' id='par_1_14' title="bbox 371 3387 1390 4284">
     <span class='ocr_line' id='line_1_29' title="bbox 471 3387 1383 3452; baseline -0.001 -14"><span class='ocrx_word' id='word_1_174' title='bbox 471 3387 478 3418; x_wconf 93' lang='lat'>¹</span> <span class='ocrx_word' id='word_1_175' title='bbox 496 3391 551 3438; x_wconf 88' lang='lat' dir='ltr'><strong>The</strong></span> <span class='ocrx_word' id='word_1_176' title='bbox 567 3391 655 3439; x_wconf 87' lang='lat' dir='ltr'><strong>letters</strong></span> <span class='ocrx_word' id='word_1_177' title='bbox 672 3393 769 3452; x_wconf 86' lang='lat' dir='ltr'><strong>patent,</strong></span> <span class='ocrx_word' id='word_1_178' title='bbox 781 3391 898 3452; x_wconf 86' lang='lat' dir='ltr'><strong>appoint·</strong></span> <span class='ocrx_word' id='word_1_179' title='bbox 920 3389 1039 3438; x_wconf 88' lang='lat' dir='ltr'><strong>chamber</strong></span> <span class='ocrx_word' id='word_1_180' title='bbox 1053 3394 1080 3438; x_wconf 86' lang='lat' dir='ltr'><strong>at</strong></span> <span class='ocrx_word' id='word_1_181' title='bbox 1097 3390 1281 3439; x_wconf 79' lang='lat' dir='ltr'><strong>westminster.</strong></span> <span class='ocrx_word' id='word_1_182' title='bbox 1322 3389 1383 3439; x_wconf 78' lang='lat' dir='ltr'><strong>Vide</strong></span> 
     </span>
     <span class='ocr_line' id='line_1_30' title="bbox 434 3459 1383 3521; baseline 0 -15"><span class='ocrx_word' id='word_1_183' title='bbox 434 3459 479 3519; x_wconf 82' lang='lat' dir='ltr'><strong>ing</strong></span> <span class='ocrx_word' id='word_1_184' title='bbox 498 3460 540 3507; x_wconf 89' lang='lat' dir='ltr'><strong>the</strong></span> <span class='ocrx_word' id='word_1_185' title='bbox 554 3460 757 3508; x_wconf 75' lang='lat' dir='ltr'><strong>commissionem</strong></span> <span class='ocrx_word' id='word_1_186' title='bbox 776 3464 803 3507; x_wconf 92' lang='lat' dir='ltr'><strong>to</strong></span> <span class='ocrx_word' id='word_1_187' title='bbox 822 3475 898 3521; x_wconf 82' lang='lat' dir='ltr'><strong>nego·</strong></span> <span class='ocrx_word' id='word_1_188' title='bbox 921 3459 979 3508; x_wconf 90' lang='lat' dir='ltr'><strong>MS.</strong></span> <span class='ocrx_word' id='word_1_189' title='bbox 992 3459 1163 3509; x_wconf 75' lang='lat' dir='ltr'><strong>Cottolaud.</strong></span> <span class='ocrx_word' id='word_1_190' title='bbox 1185 3459 1220 3508; x_wconf 89' lang='lat' dir='ltr'><strong>D.</strong></span> <span class='ocrx_word' id='word_1_191' title='bbox 1243 3460 1271 3508; x_wconf 89' lang='lat' dir='ltr'><strong>ii.</strong></span> <span class='ocrx_word' id='word_1_192' title='bbox 1289 3459 1308 3507; x_wconf 82' lang='lat' dir='ltr'><strong>i.</strong></span> <span class='ocrx_word' id='word_1_193' title='bbox 1324 3461 1383 3520; x_wconf 79' lang='grc'><strong>276,</strong></span> 
     </span>
     <span class='ocr_line' id='line_1_31' title="bbox 435 3529 1382 3590; baseline 0.002 -14"><span class='ocrx_word' id='word_1_194' title='bbox 435 3529 499 3578; x_wconf 88' lang='lat' dir='ltr'><strong>tiate</strong></span> <span class='ocrx_word' id='word_1_195' title='bbox 510 3529 561 3576; x_wconf 88' lang='lat' dir='ltr'><strong>this</strong></span> <span class='ocrx_word' id='word_1_196' title='bbox 571 3533 652 3589; x_wconf 87' lang='lat' dir='ltr'><strong>truce,</strong></span> <span class='ocrx_word' id='word_1_197' title='bbox 663 3543 706 3578; x_wconf 83' lang='lat' dir='ltr'><strong>are</strong></span> <span class='ocrx_word' id='word_1_198' title='bbox 717 3529 795 3577; x_wconf 88' lang='lat' dir='ltr'><strong>dated</strong></span> <span class='ocrx_word' id='word_1_199' title='bbox 810 3544 843 3578; x_wconf 89' lang='lat' dir='ltr'><strong>on</strong></span> <span class='ocrx_word' id='word_1_200' title='bbox 855 3529 900 3577; x_wconf 88' lang='lat' dir='ltr'><strong>the</strong></span> <span class='ocrx_word' id='word_1_201' title='bbox 920 3529 1007 3578; x_wconf 87' lang='lat' dir='ltr'><strong>where</strong></span> <span class='ocrx_word' id='word_1_202' title='bbox 1019 3530 1084 3578; x_wconf 88' lang='lat' dir='ltr'><strong>their</strong></span> <span class='ocrx_word' id='word_1_203' title='bbox 1092 3543 1187 3590; x_wconf 85' lang='lat' dir='ltr'><strong>names,</strong></span> <span class='ocrx_word' id='word_1_204' title='bbox 1195 3529 1310 3589; x_wconf 80' lang='lat' dir='ltr'><strong>together</strong></span> <span class='ocrx_word' id='word_1_205' title='bbox 1319 3529 1382 3578; x_wconf 86' lang='lat' dir='ltr'><strong>with</strong></span> 
     </span>
     <span class='ocr_line' id='line_1_32' title="bbox 437 3595 1385 3658; baseline 0.001 -14"><span class='ocrx_word' id='word_1_206' title='bbox 437 3597 496 3644; x_wconf 84' lang='lat' dir='ltr'><strong>loth</strong></span> <span class='ocrx_word' id='word_1_207' title='bbox 507 3597 536 3646; x_wconf 83' lang='lat' dir='ltr'><strong>of</strong></span> <span class='ocrx_word' id='word_1_208' title='bbox 544 3595 683 3658; x_wconf 81' lang='lat' dir='ltr'><strong>February,</strong></span> <span class='ocrx_word' id='word_1_209' title='bbox 696 3601 769 3646; x_wconf 72' lang='lat'><strong>131⁰.</strong></span> <span class='ocrx_word' id='word_1_210' title='bbox 920 3598 964 3647; x_wconf 92' lang='lat' dir='ltr'><strong>the</strong></span> <span class='ocrx_word' id='word_1_211' title='bbox 975 3599 1038 3647; x_wconf 80' lang='lat' dir='ltr'><strong>iorm</strong></span> <span class='ocrx_word' id='word_1_212' title='bbox 1048 3599 1078 3648; x_wconf 82' lang='lat' dir='ltr'><strong>of</strong></span> <span class='ocrx_word' id='word_1_213' title='bbox 1090 3598 1133 3650; x_wconf 88' lang='lat' dir='ltr'><strong>the</strong></span> <span class='ocrx_word' id='word_1_214' title='bbox 1143 3599 1203 3648; x_wconf 87' lang='lat' dir='ltr'><strong>oath</strong></span> <span class='ocrx_word' id='word_1_215' title='bbox 1215 3597 1265 3647; x_wconf 85' lang='lat' dir='ltr'><strong>and</strong></span> <span class='ocrx_word' id='word_1_216' title='bbox 1282 3612 1385 3646; x_wconf 89' lang='lat' dir='ltr'><strong>manner</strong></span> 
     </span>
     <span class='ocr_line' id='line_1_33' title="bbox 471 3661 1262 3730; baseline 0.006 -17"><span class='ocrx_word' id='word_1_217' title='bbox 471 3661 482 3692; x_wconf 79' lang='lat'>⁵</span> <span class='ocrx_word' id='word_1_218' title='bbox 497 3665 560 3714; x_wconf 86' lang='lat' dir='ltr'><strong>This</strong></span> <span class='ocrx_word' id='word_1_219' title='bbox 567 3679 622 3713; x_wconf 86' lang='lat' dir='ltr'><strong>was</strong></span> <span class='ocrx_word' id='word_1_220' title='bbox 634 3666 660 3713; x_wconf 91' lang='lat' dir='ltr'><strong>in</strong></span> <span class='ocrx_word' id='word_1_221' title='bbox 668 3666 749 3715; x_wconf 90' lang='lat' dir='ltr'><strong>direct</strong></span> <span class='ocrx_word' id='word_1_222' title='bbox 756 3667 898 3727; x_wconf 86' lang='lat' dir='ltr'><strong>opposition</strong></span> <span class='ocrx_word' id='word_1_223' title='bbox 921 3668 951 3717; x_wconf 82' lang='lat' dir='ltr'><strong>oi</strong></span> <span class='ocrx_word' id='word_1_224' title='bbox 958 3669 1064 3717; x_wconf 85' lang='lat' dir='ltr'><strong>electiori</strong></span> <span class='ocrx_word' id='word_1_225' title='bbox 1076 3670 1099 3716; x_wconf 92' lang='lat' dir='ltr'><strong>is</strong></span> <span class='ocrx_word' id='word_1_226' title='bbox 1111 3668 1166 3716; x_wconf 86' lang='lat' dir='ltr'><strong>also</strong></span> <span class='ocrx_word' id='word_1_227' title='bbox 1177 3669 1262 3730; x_wconf 85' lang='lat' dir='ltr'><strong>given.</strong></span> 
     </span>
     <span class='ocr_line' id='line_1_34' title="bbox 435 3734 1385 3799; baseline 0.001 -17"><span class='ocrx_word' id='word_1_228' title='bbox 435 3734 898 3797; x_wconf 69' lang='lat' dir='ltr'><strong>totheKingscommand,whohad</strong></span> <span class='ocrx_word' id='word_1_229' title='bbox 956 3735 967 3766; x_wconf 85' lang='lat'><strong>⁴</strong></span> <span class='ocrx_word' id='word_1_230' title='bbox 987 3737 1182 3799; x_wconf 81' lang='lat' dir='ltr'><strong>Hemingbnrgb</strong></span> <span class='ocrx_word' id='word_1_231' title='bbox 1203 3736 1263 3786; x_wconf 90' lang='lat' dir='ltr'><strong>here</strong></span> <span class='ocrx_word' id='word_1_232' title='bbox 1284 3736 1385 3786; x_wconf 82' lang='lat' dir='ltr'><strong>allodes</strong></span> 
     </span>
     <span class='ocr_line' id='line_1_35' title="bbox 435 3805 1385 3867; baseline 0.001 -15"><span class='ocrx_word' id='word_1_233' title='bbox 435 3805 742 3866; x_wconf 74' lang='lat' dir='ltr'><strong>issuedaproclamation</strong></span> <span class='ocrx_word' id='word_1_234' title='bbox 759 3805 899 3856; x_wconf 79' lang='lat' dir='ltr'><strong>ontheith</strong></span> <span class='ocrx_word' id='word_1_235' title='bbox 923 3811 948 3856; x_wconf 91' lang='lat' dir='ltr'><strong>to</strong></span> <span class='ocrx_word' id='word_1_236' title='bbox 982 3807 1025 3856; x_wconf 84' lang='lat' dir='ltr'><strong>the</strong></span> <span class='ocrx_word' id='word_1_237' title='bbox 1060 3808 1246 3867; x_wconf 84' lang='lat' dir='ltr'><strong>letters-patent</strong></span> <span class='ocrx_word' id='word_1_238' title='bbox 1280 3805 1385 3866; x_wconf 67' lang='lat' dir='ltr'><strong>granted</strong></span> 
     </span>
     <span class='ocr_line' id='line_1_36' title="bbox 436 3872 1390 3936; baseline -0.001 -13"><span class='ocrx_word' id='word_1_239' title='bbox 436 3872 466 3923; x_wconf 80' lang='lat' dir='ltr'><strong>oi</strong></span> <span class='ocrx_word' id='word_1_240' title='bbox 480 3874 620 3936; x_wconf 83' lang='lat' dir='ltr'><strong>February,</strong></span> <span class='ocrx_word' id='word_1_241' title='bbox 630 3874 765 3936; x_wconf 86' lang='lat' dir='ltr'><strong>inhibiting</strong></span> <span class='ocrx_word' id='word_1_242' title='bbox 778 3889 828 3936; x_wconf 83' lang='lat' dir='ltr'><strong>any</strong></span> <span class='ocrx_word' id='word_1_243' title='bbox 844 3890 901 3936; x_wconf 93' lang='lat' dir='ltr'><strong>per·</strong></span> <span class='ocrx_word' id='word_1_244' title='bbox 924 3876 1015 3926; x_wconf 81' lang='lat' dir='ltr'><strong>March</strong></span> <span class='ocrx_word' id='word_1_245' title='bbox 1027 3880 1059 3924; x_wconf 83' lang='lat'><strong>16</strong></span> <span class='ocrx_word' id='word_1_246' title='bbox 1076 3881 1100 3925; x_wconf 91' lang='lat' dir='ltr'><strong>to</strong></span> <span class='ocrx_word' id='word_1_247' title='bbox 1117 3876 1159 3928; x_wconf 88' lang='lat' dir='ltr'><strong>the</strong></span> <span class='ocrx_word' id='word_1_248' title='bbox 1171 3875 1254 3924; x_wconf 85' lang='lat' dir='ltr'><strong>whole</strong></span> <span class='ocrx_word' id='word_1_249' title='bbox 1270 3879 1350 3923; x_wconf 87' lang='lat' dir='ltr'><strong>estate</strong></span> <span class='ocrx_word' id='word_1_250' title='bbox 1361 3873 1390 3922; x_wconf 84' lang='lat' dir='ltr'><strong>oi</strong></span> 
     </span>
     <span class='ocr_line' id='line_1_37' title="bbox 436 3943 1388 4008; baseline -0.003 -14"><span class='ocrx_word' id='word_1_251' title='bbox 436 3959 496 3994; x_wconf 81' lang='lat' dir='ltr'><strong>sons</strong></span> <span class='ocrx_word' id='word_1_252' title='bbox 509 3945 613 4008; x_wconf 83' lang='lat' dir='ltr'><strong>bearing</strong></span> <span class='ocrx_word' id='word_1_253' title='bbox 628 3958 696 3994; x_wconf 83' lang='lat' dir='ltr'><strong>arms</strong></span> <span class='ocrx_word' id='word_1_254' title='bbox 714 3949 744 4008; x_wconf 72' lang='lat' dir='ltr'><strong>to</strong></span> <span class='ocrx_word' id='word_1_255' title='bbox 756 3945 843 3994; x_wconf 88' lang='lat' dir='ltr'><strong>attend</strong></span> <span class='ocrx_word' id='word_1_256' title='bbox 860 3945 900 3993; x_wconf 85' lang='lat' dir='ltr'><strong>his</strong></span> <span class='ocrx_word' id='word_1_257' title='bbox 923 3947 1020 4006; x_wconf 88' lang='lat' dir='ltr'><strong>nobles,</strong></span> <span class='ocrx_word' id='word_1_258' title='bbox 1032 3945 1190 4006; x_wconf 85' lang='lat' dir='ltr'><strong>euthorising</strong></span> <span class='ocrx_word' id='word_1_259' title='bbox 1208 3943 1275 3996; x_wconf 88' lang='lat' dir='ltr'><strong>them</strong></span> <span class='ocrx_word' id='word_1_260' title='bbox 1286 3949 1312 3992; x_wconf 89' lang='lat' dir='ltr'><strong>to</strong></span> <span class='ocrx_word' id='word_1_261' title='bbox 1323 3944 1388 3992; x_wconf 87' lang='lat' dir='ltr'><strong>elect</strong></span> 
     </span>
     <span class='ocr_line' id='line_1_38' title="bbox 436 4013 1387 4077; baseline -0.004 -13"><span class='ocrx_word' id='word_1_262' title='bbox 436 4014 596 4077; x_wconf 84' lang='lat' dir='ltr'><strong>parliament.</strong></span> <span class='ocrx_word' id='word_1_263' title='bbox 800 4021 802 4026; x_wconf 89' lang='lat'>&#39;</span> <span class='ocrx_word' id='word_1_264' title='bbox 923 4013 1387 4077; x_wconf 78' lang='lat' dir='ltr'><strong>acommitteeforsettlingtheatlairs</strong></span> 
     </span>
     <span class='ocr_line' id='line_1_39' title="bbox 472 4081 1388 4147; baseline -0.004 -14"><span class='ocrx_word' id='word_1_265' title='bbox 472 4081 900 4146; x_wconf 75' lang='lat' dir='ltr'><strong>³&#39;l&#39;heordainers,tu²entyonein</strong></span> <span class='ocrx_word' id='word_1_266' title='bbox 924 4085 952 4134; x_wconf 82' lang='lat' dir='ltr'><strong>ot</strong></span> <span class='ocrx_word' id='word_1_267' title='bbox 971 4085 1014 4133; x_wconf 89' lang='lat' dir='ltr'><strong>the</strong></span> <span class='ocrx_word' id='word_1_268' title='bbox 1037 4085 1158 4147; x_wconf 80' lang='lat' dir='ltr'><strong>kingdom</strong></span> <span class='ocrx_word' id='word_1_269' title='bbox 1180 4084 1231 4136; x_wconf 88' lang='lat' dir='ltr'><strong>and</strong></span> <span class='ocrx_word' id='word_1_270' title='bbox 1252 4084 1295 4136; x_wconf 77' lang='lat' dir='ltr'><strong>tbc</strong></span> <span class='ocrx_word' id='word_1_271' title='bbox 1317 4082 1388 4144; x_wconf 83' lang='lat' dir='ltr'><strong>royal</strong></span> 
     </span>
     <span class='ocr_line' id='line_1_40' title="bbox 437 4152 1072 4211; baseline 0.003 -12"><span class='ocrx_word' id='word_1_272' title='bbox 437 4152 482 4211; x_wconf 85' lang='lat' dir='ltr'><strong>all,</strong></span> <span class='ocrx_word' id='word_1_273' title='bbox 498 4167 566 4201; x_wconf 88' lang='lat' dir='ltr'><strong>were</strong></span> <span class='ocrx_word' id='word_1_274' title='bbox 584 4167 667 4200; x_wconf 87' lang='lat' dir='ltr'><strong>swern</strong></span> <span class='ocrx_word' id='word_1_275' title='bbox 682 4168 714 4201; x_wconf 92' lang='lat' dir='ltr'><strong>on</strong></span> <span class='ocrx_word' id='word_1_276' title='bbox 733 4153 776 4201; x_wconf 88' lang='lat' dir='ltr'><strong>the</strong></span> <span class='ocrx_word' id='word_1_277' title='bbox 794 4153 855 4204; x_wconf 78' lang='lat' dir='ltr'><strong>aoth</strong></span> <span class='ocrx_word' id='word_1_278' title='bbox 874 4154 903 4202; x_wconf 86' lang='lat' dir='ltr'><strong>os</strong></span> <span class='ocrx_word' id='word_1_279' title='bbox 924 4153 1072 4207; x_wconf 85' lang='lat' dir='ltr'><strong>household.</strong></span> 
     </span>
     <span class='ocr_line' id='line_1_41' title="bbox 371 4217 1064 4284; baseline 0.006 -16"><span class='ocrx_word' id='word_1_280' title='bbox 371 4217 374 4224; x_wconf 84' lang='lat'>&#39;</span> <span class='ocrx_word' id='word_1_281' title='bbox 438 4219 529 4269; x_wconf 88' lang='lat' dir='ltr'><strong>March</strong></span> <span class='ocrx_word' id='word_1_282' title='bbox 560 4223 587 4268; x_wconf 91' lang='lat' dir='ltr'><strong>in</strong></span> <span class='ocrx_word' id='word_1_283' title='bbox 620 4221 663 4271; x_wconf 89' lang='lat' dir='ltr'><strong>the</strong></span> <span class='ocrx_word' id='word_1_284' title='bbox 693 4228 764 4283; x_wconf 85' lang='lat' dir='ltr'><strong>great</strong></span> <span class='ocrx_word' id='word_1_285' title='bbox 797 4223 899 4284; x_wconf 88' lang='lat' dir='ltr'><strong>painted</strong></span> <span class='ocrx_word' id='word_1_286' title='bbox 1061 4219 1064 4222; x_wconf 72' lang='grc'><strong>’</strong></span> 
     </span>
    </p>
   </div>
   <div class='ocr_carea' id='block_1_13' title="bbox 0 0 1605 4988">
    <p class='ocr_par' dir='ltr' id='par_1_15' title="bbox 0 0 1605 4988">
     <span class='ocr_line' id='line_1_42' title="bbox 0 0 1605 4988; baseline 0 0"><span class='ocrx_word' id='word_1_287' title='bbox 0 0 1605 4988; x_wconf 95' lang='lat' dir='ltr'><strong> </strong></span> 
     </span>
    </p>
   </div>
  </div>
 </body>
</html>
