3166 4992
407 463 473 530 174
773 474 983 525 onaourcoa

257 655 349 698 arvae
362 655 382 696 r.
406 635 506 716 ginta
537 633 657 711 millia,
685 634 746 717 qui
770 633 870 716 quasi
893 651 1013 698 omnes
1043 639 1143 697 erant
1174 632 1355 697 Hibernici

246 706 662 800 Qetwallenses.
716 733 822 798 Multi
835 733 940 797 etiam
952 732 1352 814 veneruntpostmodum

408 834 451 900 de
473 833 663 910 Vasconia,
683 832 820 896 circiter
842 831 1024 913 quingenti
1048 832 1175 896 armati
1197 833 1234 896 in
1255 834 1353 913 equis

408 932 547 1015 optimis
566 939 602 995 et
621 932 727 997 armis
747 931 1010 1014 pulcherrimis;
1043 950 1192 1013 quorum
1211 931 1352 1014 quidam

407 1032 634 1094 mittebantur
656 1050 678 1094 a
704 1035 785 1111 'rege
814 1030 857 1094 ad
884 1029 1146 1094 custodiendam
1170 1029 1288 1094 villam
1311 1029 1353 1094 de

408 1129 614 1212 Berewyck,
628 1136 663 1193 et
685 1135 889 1198 manserunt
908 1127 1133 1211 ‘ibi’1usquc
1156 1136 1237 1215 post
1258 1147 1351 1218 com-

243 1251 291 1291 une
305 1229 549 1292 norrormissum
567 1227 728 1310 proelium
746 1247 825 1292 cum
848 1235 951 1310 gente
971 1227 1165 1291 Scotorum.
1209 1227 1352 1291 Interim

244 1301 387 1392 ilillllrmd
408 1327 552 1396 comites
588 1327 698 1392 nostri
737 1327 962 1392 marescallus
998 1333 1034 1390 et
1074 1325 1351 1401 Herot'ordcnsis,

244 1400 337 1440 demand
345 1411 359 1439 a

245 1451 387 1488 reanum»
408 1433 550 1508 propter
564 1426 723 1508 quaedam
741 1426 862 1501 audita
885 1425 1083 1491 dubitantes
1100 1425 1143 1490 de
1163 1425 1354 1490 mutatione

244 1498 366 1592 {llftll'
409 1525 602 1590 voluntatis
625 1525 729 1606 regia
758 1526 794 1593 in
820 1523 1082 1590 confirmatione
1111 1531 1285 1590 cartarum
1310 1523 1352 1586 li-

409 1624 554 1690 bertatis
570 1630 605 1689 et
618 1624 770 1699 forestae,
789 1643 830 1690 eo
851 1624 942 1705 quod
961 1623 1225 1688 confirmaverat
1242 1642 1301 1688 eas
1317 1622 1353 1688 in

409 1729 504 1791 terra
526 1723 651 1800 aliena,
668 1722 833 1786 dixerunt
847 1741 885 1786 se
907 1723 1055 1788 ulterius
1076 1722 1263 1803 procedere
1284 1741 1353 1786 non

409 1821 534 1889 debere
557 1822 624 1888 nisi
649 1821 760 1905 major
783 1821 953 1888 securitas
973 1821 1071 1888 ficret
1099 1827 1135 1886 ct
1156 1821 1200 1886 de
1222 1820 1355 1902 equita-

411 1920 506 1984 tione
529 1919 669 1987 forcstae
693 1928 729 1986 et
751 1920 793 1984 de
817 1919 1135 1987 cacteris-articulis
1159 1919 1353 2001 postulatis.

411 2017 545 2087 Verum
560 2019 643 2100 quia
659 2019 694 2084 in
710 2037 859 2100 persona
874 2019 1014 2101 propria
1031 2019 1220 2101 principem
1234 2018 1355 2101 jurare

412 2136 481 2185 uon
502 2118 597 2194 licet,
612 2124 648 2185 et
665 2137 725 2182 eos
748 2119 887 2201 placare
907 2118 1026 2194 vellet,
1042 2117 1205 2199 praecepit
1227 2135 1303 2194 rex,
1321 2124 1356 2182 et

406 2215 616 2299 juraverunt
645 2216 681 2280 in
713 2218 862 2284 animam
896 2216 973 2300 ejus
1002 2215 1250 2283 Dunolmensis
1283 2215 1356 2298 cpi-

412 2333 550 2397 coopus,
566 2333 680 2380 comes
691 2315 735 2381 do
748 2315 938 2392 warenna,
948 2334 1062 2381 comes
1079 2314 1308 2384 Gloucestriae
1321 2321 1357 2380 et

412 2432 527 2479 comes
556 2414 757 2490 Lincolniae,
785 2413 877 2495 quod
906 2416 942 2482 iu
973 2415 1087 2484 reditu
1112 2433 1188 2490 suo,
1213 2414 1356 2480 obtenta

412 2512 572 2589 victoria,
606 2512 721 2576 omnia
753 2513 976 2596 perimpleret
1006 2514 1050 2578 ud
1083 2520 1214 2580 votum.
1275 2512 1356 2591 Quo

411 2612 518 2689 facto,
543 2619 581 2676 et
608 2611 769 2676 omnibns
796 2613 842 2679 ad
872 2613 1125 2694 expeditionem
1155 2611 1238 2678 belli
1270 2631 1357 2693 prce-

412 2711 556 2793 paratis‚
601 2718 843 2791 processerunt
884 2712 1062 2782 turmatim
1100 2731 1162 2793 per
1202 2710 1355 2776 modicas

411 2810 524 2882 dietas
547 2816 725 2882 vastantes
751 2817 787 2875 et
809 2810 1030 2877 incendentes
1058 2811 1229 2886 universa,
1251 2809 1358 2873 nemi.

411 2928 489 2973 nem
512 2915 628 2976 tamen
650 2909 805 2976 invenire
832 2916 996 2991 poterant
1025 2910 1084 2992 qui
1104 2909 1150 2975 de
1173 2909 1355 2977 Scotorum

411 3007 567 3075 exercitu
611 3007 814 3075 informaret
861 3027 931 3074 cos.
999 3007 1158 3090 Cumque
1205 3007 1356 3074 venisset

411 3126 473 3172 rex
499 3106 592 3188 apud
610 3100 909 3188 Templehyston,²
933 3114 969 3173 et
989 3113 1145 3176 moratus
1170 3106 1218 3176 ibl
1234 3105 1357 3176 fuisset

411 3224 472 3286 por
493 3205 568 3268 dics
597 3204 743 3287 aliquot,
769 3206 972 3274 nunciatum
996 3212 1050 3271 cst
1073 3206 1105 3272 ei
1131 3205 1224 3287 quod
1247 3205 1355 3282 Scoti,

410 3305 470 3386 qui
499 3310 598 3368 erant
629 3304 665 3366 in
696 3303 857 3384 praesidio
890 3304 996 3368 castri
1030 3303 1073 3366 de
1107 3303 1249 3372 Drilton
1278 3322 1356 3371 cum

409 3402 544 3468 duobus
572 3401 724 3467 castellis
752 3401 920 3479 finitimis,
942 3421 1022 3483 quac
1045 3401 1186 3484 quidem
1211 3403 1357 3469 castella

409 3519 472 3563 rex
495 3499 720 3581 praeterierat,
743 3499 871 3564 multas
893 3503 1047 3582 agebant
1069 3501 1217 3583 praedas,
1239 3508 1274 3566 et
1297 3520 1358 3566 ex·

410 3604 521 3662 trema
547 3604 742 3662 castrorum
766 3600 1018 3676 suorum,dun1
1040 3600 1085 3666 ad
1105 3600 1224 3682 paleas
1242 3600 1357 3670 mitte·

409 3703 539 3772 rentur,
569 3695 747 3762 caedebant
769 3697 967 3780 aliquando.
1020 3699 1215 3782 Statimque
1246 3699 1358 3764 accito

409 3795 640 3861 Dunolmousi
663 3796 840 3879 episcopo,
866 3798 961 3864 misit
988 3817 1067 3865 eum
1089 3797 1138 3865 ibi
1164 3805 1204 3862 ut
1229 3816 1272 3861 ea
1296 3797 1357 3860 ob-

445 3998 596 4067 ¹‘ibidem‚’
608 4003 769 4056 MSLansd.
896 4004 1360 4068 partlyintheshireofEdinburgh.

442 4069 573 4136 ¹Spelled
589 4075 615 4122 in
635 4074 781 4136 Knyghtom
798 4073 872 4122 Tem·
897 4075 959 4123 This
980 4087 1067 4123 manor
1090 4074 1212 4135 acquired
1233 4075 1266 4122 its
1287 4088 1360 4123 name

407 4143 508 4204 pliston.
531 4144 599 4192 Now
616 4144 769 4207 Kirkliston,
788 4144 872 4206 partly
896 4144 960 4192 from
970 4143 1013 4192 the
1031 4143 1142 4205 Knights
1153 4143 1182 4192 os
1194 4144 1236 4192 the
1247 4143 1361 4205 Temple,

407 4213 433 4259 in
455 4213 497 4269 the
515 4213 582 4264 shire
600 4214 629 4261 of
649 4213 803 4276 Linlithgorr
822 4213 872 4262 ond
896 4217 922 4262 to
933 4212 1016 4264 whom
1027 4213 1048 4264 it
1057 4213 1176 4276 formerly
1186 4212 1319 4274 belonged.
