3126 4986
417 468 589 520 winrrnu
612 467 659 518 nn
682 467 967 520 uaurucnuncn.
1116 455 1163 520 6³

203 635 352 706 amator,
368 648 432 692 nee
450 647 635 710 possumus
653 627 781 710 quietis
799 627 953 692 refoveri·
963 627 1159 708 dulcedine,
1185 647 1275 689 muna
1289 649 1309 693 1.

201 727 312 798 donec
328 728 546 810 praelibatnm
570 728 926 809 negotium'optatum
950 734 985 792 et
1011 699 1324 794 coleremffl

204 827 351 903 exitum,
365 827 472 910 juxta
485 827 596 891 nostri
613 825 725 892 co'rdis
745 826 966 903 desiderium,
980 828 1158 896 sortiatur.

204 926 319 990 ‘Cum
344 923 508 1008 itaque'¹-
524 926 739 990 venerabiles
765 925 891 990 fratres
917 934 1065 1004 nostros,
1093 928 1159 992 Be-

205 1025 342 1088 raldum
374 1025 611 1090 Albanensem
639 1031 674 1089 et
709 1025 882 1088 Simonem
913 1026 1157 1091 Penestrinum

206 1125 400 1206 episcopos,
420 1124 513 1188 sedis
538 1124 739 1207 apostolicae
762 1125 919 1201 nuncios,
942 1125 1157 1190 exhibitores

206 1224 542 1306 praesentium‚viros
551 1225 673 1306 utique
682 1222 843 1305 profundi
853 1223 1158 1301 consilii,‘viros’²

125 1351 128 1360 ·
205 1324 400 1388 litterarum
425 1323 571 1387 scientia
593 1323 771 1406 praeditos
787 1341 828 1386 ae
848 1323 1064 1387 diversarum
1086 1324 1156 1388 vir·

206 1430 320 1487 tutum
360 1423 471 1486 titulis
508 1422 704 1504 insignitos,
730 1441 863 1486 necnon
887 1423 984 1505 pacis
1012 1430 1047 1488 et
1076 1443 1156 1489 con·

203 1523 332 1586 cordiae
355 1529 541 1598 amatores,
557 1523 602 1586 ad
625 1529 661 1586 te
682 1522 883 1604 dictumque
905 1542 1023 1603 regem
1047 1522 1156 1588 Fran-

202 1621 280 1697 ciae,
303 1628 469 1703 tanquam
493 1621 590 1705 pacis
616 1621 771 1702 angelos,
798 1621 880 1686 licet
908 1641 1026 1686 eorum
1052 1622 1154 1688 inriti

205 1739 385 1785 careamus
408 1721 606 1803 praesentia,
621 1721 844 1784 destinemus.
900 1721 1154 1788 Excellentiarn

206 1821 337 1900 regiam
351 1839 514 1900 rogamus
529 1817 613 1884 ‘et’³
627 1820 806 1884 hortamur
817 1818 1045 1897 ‘attentins,'⁴
1061 1819 1154 1885 ‘ae'⁵

205 1920 427 1983 obsecramus
454 1921 492 1984 in
519 1920 669 1984 Domino
692 1919 780 1984 Jesu
808 1918 958 1995 Christo,
988 1920 1153 2000 quatinus

201 2024 216 2069 ἕ
227 2010 311 2081 ob'⁶
331 2019 483 2083 divinam
508 2026 544 2083 et
569 2018 887 2101 apostolicaesedis
911 2019 1154 2097 reverentiam,

205 2125 415 2182 memoratos
440 2117 634 2202 episcopos,
659 2116 950 2202 magnasuutique
974 2117 1153 2183 columnas

203 2218 359 2281 ecclesiae
378 2219 499 2301 tuique
519 2218 660 2282 honoris
686 2225 721 2282 et
745 2216 847 2281 famae
869 2216 1021 2281 fervidos
1035 2220 1046 2252 ‘
1059 2217 1151 2282 zela·

195 2314 344 2396 -toresj⁷
374 2325 539 2400 tanquam
572 2317 665 2380 filius
692 2315 941 2380 benedictionis
968 2323 1004 2380 et
1030 2318 1154 2397 gratiae

203 2413 408 2497 ‘benigne’⁴
429 2417 613 2500 recipiens,
629 2416 774 2480 honeste
795 2434 1019 2498 prosequens,
1035 2423 1070 2480 et
1091 2417 1153 2481 ho-

203 2516 419 2579 notificentia
452 2516 624 2598 condigna
661 2521 890 2598 pertractans,
922 2522 1056 2579 attente
1092 2535 1156 2580 au-

201 2615 293 2691 dias,
322 2613 505 2696 diligenter
529 2614 716 2696 intelligas,
742 2622 778 2679 et
799 2612 986 2678 efficaciter
1012 2615 1155 2680 studeas

202 2714 391 2796 adimplere
413 2735 492 2798 quae
514 2715 593 2797 ipsi,
611 2721 782 2778 eteorum
801 2713 959 2796 quilibet,
976 2733 1093 2778 coram
1118 2721 1154 2778 te

201 2831 308 2895 super
324 2814 445 2878 eodem
466 2815 608 2895 negotio
623 2813 787 2877 duxerint
803 2814 1050 2896 proponenda:

255 2913 352 2977 “Sic
374 2922 409 2978 te
437 2914 472 2976 in
495 2914 562 2977 hiis
584 2914 708 2977 devote
734 2931 776 2976 ac
802 2920 972 2996 prompte,
988 2909 1151 2994 ‘prout'⁸

202 3031 383 3092 speramus
406 3021 441 3077 et
462 3013 633 3095 cupimus,
659 3011 853 3088 habiturus
876 3018 915 3074 ut
928 3010 1151 3074 ’difficultatis

204 3118 238 3174 et
266 3111 415 3194 repulsae
443 3112 630 3195 cujuslibet
659 3111 806 3194 ‘procul
836 3108 975 3174 obiee'⁹
1004 3108 1151 3192 ‘profli-

203 3211 311 3288 gato,'
322 3209 346 3244 ²⁰
360 3212 464 3293 regiae
477 3210 672 3276 devotionis
683 3210 867 3273 sinceritas
884 3207 1009 3272 exinde
1023 3208 1152 3273 clarius

202 3309 388 3387 elucescat,
400 3319 540 3393 tuaeque
553 3310 655 3376 samm
666 3308 890 3392 praeconium,
905 3308 1065 3389 quamvis
1080 3326 1152 3371 am-

202 3409 298 3490 plum
322 3417 357 3473 et
372 3409 546 3487 diffusum,
562 3411 598 3473 in
615 3409 735 3474 seculo
749 3407 956 3490 propensius
970 3413 1152 3490 angeatur,

202 3526 244 3572 ac
275 3508 368 3574 sedis
400 3509 602 3592 apostolieae
632 3509 795 3589 gratiam,
821 3527 900 3590 qnae
930 3508 1023 3572 cirea
1064 3507 1154 3572 filios

238 3740 244 3770 ¹
262 3739 410 3808 ‘Cumque’
423 3743 499 3795 MSS.
511 3741 577 3793 Goll.
590 3742 663 3792 Arm.
724 3737 735 3770 ⁶
752 3739 819 3801 ‘ad,'
836 3741 912 3790 MSS.
929 3739 997 3791 0011.
1014 3741 1087 3790 Arm.
1102 3739 1154 3790 and

201 3811 251 3860 and
263 3811 330 3859 Cott.
340 3811 398 3862 Tib.
690 3810 757 3861 Coti.
769 3811 827 3862 Tib.

235 3878 414 3930 'Omittedin
426 3882 502 3932 MSS.
512 3881 578 3933 0011.
590 3883 664 3932 Arm.
723 3876 910 3942 '‘amatores,'
921 3877 1153 3930 masconius.

201 3949 251 3998 and
264 3949 330 4000 Oott.
340 3950 397 4002 Tib.
690 3949 740 3998 and
752 3948 818 3998 cort.
829 3948 888 3999 Tib.

235 4016 247 4050 ⁸
262 4019 376 4070 Omitted
387 4020 414 4068 in
426 4018 580 4072 dieseon.
591 4019 664 4070 Arm.
725 4017 736 4048 ⁸
751 4018 816 4079 ‘ut,’
827 4015 905 4066 MSS.

200 4089 251 4138 and
263 4088 395 4140 Goffllb.
724 4086 850 4148 ⁹⁴more,'
857 4084 935 4135 MSS.
944 4082 1012 4133 coll.
1021 4082 1093 4134 Arm.
1103 4083 1155 4134 and

235 4158 246 4190 ⁴
263 4158 377 4208 Omitted
388 4161 415 4208 in
426 4159 502 4210 MSS.
691 4156 822 4207 cott'ltb.

234 4223 245 4252 ⁸
261 4222 318 4291 ‘et,'
330 4229 389 4282 MS.
402 4229 497 4279 huod.
662 4281 664 4296 Ι
719 4224 738 4258 '⁰
754 4221 923 4290 ‘profugam'
937 4221 1013 4274 MSS.

253 4343 330 4391 VOL.
347 4343 386 4392 ll.
985 4333 1005 4386 F
