3138 4988
410 479 582 530 wnnrruu
605 480 653 530 nu
675 479 959 534 uuumcuuncn.
1085 469 1151 536 281

201 638 382 719 tegraliter
405 645 441 702 et
464 637 604 704 realiter
630 635 797 716 indilate3
828 645 863 702 et
892 639 985 720 quod
1012 641 1149 706 eosdem
1176 673 1305 716 mmm,

199 737 498 804 administratores
527 743 693 802 tueantur
729 743 763 800 et
800 736 997 816 defendant,
1034 741 1149 822 quoad
1163 725 1313 847 ff

200 838 392 903 custodiam
401 844 438 904 et
450 835 779 902 administrationem
790 837 958 901 dictorum
970 840 1151 918 bonorum,
1162 818 1265 898 crimini.
1274 816 1312 855 ⁰⁹⁰

199 957 277 1002 cum
306 936 433 1002 fuerint
461 934 639 1017 requisiti:
662 935 723 998 sed
749 935 828 1000 fidei
853 936 1057 1003 orthodoxae
1084 939 1152 1004 fer·

201 1055 296 1114 vore,
323 1055 463 1102 suorum
492 1034 751 1118 progenitorum
789 1036 938 1116 vestigia
969 1037 1066 1104 clara
1092 1058 1149 1103 ,se-

200 1154 323 1218 queus,
354 1153 534 1210 accensus,
569 1133 612 1196 de
639 1135 838 1215 praemissis,
861 1142 1032 1217 quantum
1056 1137 1151 1204 licite

203 1236 329 1316 potuit,
345 1255 383 1302 se
403 1234 604 1310 informans,
620 1232 664 1296 ad
688 1233 926 1303 instruendum
940 1244 977 1300 et
1000 1235 1151 1302 forman-

202 1335 285 1402 dum
302 1353 366 1398 nos
384 1352 487 1416 super
509 1332 587 1411 has,
603 1332 731 1416 multas
755 1340 791 1398 et
812 1351 957 1416 magnas
978 1335 1078 1400 uobis
1097 1337 1148 1412 inf

202 1433 425 1500 formationes
441 1452 504 1516 per
517 1449 600 1500 suos
610 1432 755 1496 nuncios
769 1438 804 1498 et
818 1431 938 1502 literas
952 1434 1151 1502 destinavit.

205 1532 355 1598 Infamia
369 1552 452 1598 vero
462 1539 584 1596 contra
592 1530 868 1614 Templariorum
878 1533 1152 1601 increbrescente

202 1633 351 1696 validius
362 1650 465 1714 super
473 1630 660 1696 sceleribus
674 1630 861 1712 praedictis,
872 1640 908 1696 et
918 1633 1000 1714 quia
1011 1633 1151 1715 quidam

203 1731 330 1797 milites
350 1731 503 1814 ejusdem
527 1729 655 1793 ordinis
679 1749 794 1794 coram
815 1731 915 1794 uobis
937 1739 1069 1796 secreto
1091 1732 1151 1796 de·

204 1838 394 1912 posuerunt
400 1829 522 1913 jurati,
538 1826 630 1910 quod
646 1829 680 1891 in
699 1829 893 1909 receptione
908 1829 1055 1896 fratrum
1066 1851 1151 1913 pree-

204 1930 290 1994 dieti
321 1929 450 1993 ordinis
479 1927 553 1990 haec
581 1928 809 2004 consuetudo,
837 1928 895 1993 vel
927 1930 1044 1994 verius
1074 1949 1150 1994 cor-

204 2027 352 2112 ruptela,
366 2037 541 2104 servatur,
556 2026 647 2107 quod
672 2026 715 2090 ad
742 2027 938 2109 recipientis
955 2030 1151 2110 suggestio·

204 2149 282 2196 nem
306 2128 366 2210 qui
391 2127 555 2208 recipitur
582 2126 723 2190 Ibesum
749 2134 868 2207 negat,
893 2127 988 2192 etin
1015 2147 1151 2194 crucem

202 2228 270 2293 sibi
309 2234 482 2291 ostensam
526 2225 622 2308 spuit
655 2226 692 2288 in
732 2225 939 2308 vituperium
981 2228 1151 2305 crucifixi,

203 2334 240 2392 et
280 2327 371 2408 quod
409 2325 566 2408 quaedam
596 2324 666 2388 alia
691 2323 823 2390 faciunt
849 2325 1019 2407 recipiens
1051 2327 1150 2393 ‘et'¹

204 2433 373 2508 receptae,
393 2444 472 2508 quae
495 2424 591 2489 licita
613 2443 682 2487 uon
705 2431 841 2488 suntet
863 2424 1006 2489 obviant
1028 2425 1151 2493 hones-

202 2526 281 2612 tati,
304 2532 414 2608 'prout
444 2524 532 2589 alter
563 2543 680 2588 eorum
708 2530 791 2587 tunc
819 2523 1008 2603 confessus,
1033 2527 1151 2592 extitit

205 2643 320 2691 coram
337 2625 455 2714 nobis;
484 2623 596 2691 vitare
614 2623 841 2704 nequivimus,
860 2630 1005 2705 urgente
1021 2645 1085 2708 uos
1107 2626 1151 2697 ad

203 2724 239 2789 id
250 2722 352 2788 officii
363 2723 472 2794 nostri
485 2722 650 2798 debitum,
660 2723 744 2803 quin
756 2729 808 2786 tot
823 2729 859 2786 et
871 2723 978 2790 tantis
989 2723 1151 2792 clamori·
1219 2795 1224 2804 ,

204 2824 268 2890 bus
284 2821 619 2887 accommodaremus
637 2820 803 2885 auditum.
844 2819 1000 2903 Cumque
1017 2822 1154 2890 demum

204 2921 298 2986 fama
320 2921 458 3002 publica
480 2919 653 2983 deferente
680 2939 721 2982 ac
743 2917 895 2986 clamosa
918 2920 1154 2988 insinuatione

205 3020 288 3084 dicti
316 3020 420 3101 regis,
451 3037 583 3082 necnon
613 3024 648 3080 et
675 3017 813 3093 ducum,
838 3019 999 3082 comitum
1029 3028 1064 3084 et
1089 3021 1152 3086 ba·

205 3138 327 3184 renum
360 3126 396 3183 et
430 3117 576 3184 aliorum
609 3116 787 3192 nobilium,
822 3116 904 3180 cleri
938 3136 1077 3200 quoque
1110 3139 1152 3184 ac

204 3217 326 3306 populi
348 3216 432 3281 dieti
455 3217 552 3296 regni
579 3215 736 3280 Franciae
761 3215 806 3279 ad
831 3223 983 3280 nostram
1011 3226 1153 3299 propter

204 3317 281 3393 boc,
304 3325 375 3382 tam
390 3336 453 3399 per
474 3335 511 3380 se
529 3335 634 3397 quam
656 3334 717 3397 per
739 3322 981 3398 procuratores
997 3325 1033 3380 et
1048 3319 1154 3383 ‘sub-

205 3414 344 3492 ditos,’²
373 3415 593 3498 praesentiam
616 3414 835 3490 venientium,
871 3414 964 3496 quod
997 3414 1153 3483 dolentes

204 3514 397 3594 referimus,
426 3515 470 3579 ad
499 3522 653 3578 nostram
684 3513 895 3578 audientiam
927 3515 1152 3595 pervenisset,

205 3615 297 3698 quod
322 3614 498 3696 magister,
522 3622 752 3696 praeceptores
778 3612 894 3677 etalii
921 3612 1045 3680 fratres
1069 3615 1179 3682 'dicti

206 3714 335 3788 ordinis
362 3720 398 3778 et
426 3715 500 3795 ipse
530 3712 613 3783 ordo
642 3711 799 3796 praefatis
825 3719 860 3776 et
887 3712 1043 3794 pluribus
1076 3714 1153 3780 aliis

205 3820 305 3878 erant
327 3812 525 3878 criminibus
552 3811 695 3878 irretiti:
734 3830 775 3874 ao
801 3811 982 3893 praemissa
1005 3814 1153 3895 probare

205 3911 417 3994 permultas
443 3911 687 3987 confessiones,
714 3910 954 3974 attestationes
983 3917 1020 3975 et
1047 3910 1152 3993 depo-

204 4011 348 4078 sitiones
361 4009 497 4093 praefati
512 4010 669 4091 magistri
685 4015 720 4074 et
734 4009 884 4091 plurium
900 4015 1153 4091 praeceptorum

207 4234 214 4270 ¹
233 4235 362 4298 Supplied
373 4235 436 4286 from
453 4234 495 4284 the
508 4234 670 4296 Wiuebelsey
682 4236 745 4298 Reg.
788 4229 800 4260 ¹
815 4233 967 4299 ‘syndieos,’
977 4234 1076 4286 Wineh.
1089 4236 1155 4300 Reg,
