3178 4992
436 495 608 550 wlturar
632 494 680 542 nu
702 493 986 542 unuruenunou.
1124 476 1190 544 135

204 660 207 666 '
236 657 291 714 eet
315 651 394 716 idus
413 651 638 736 Septembris,
660 651 913 734 responderunt
935 649 1080 733 praecise
1094 651 1185 732 quod
1210 658 1333 750 {⁶3¹}qu

236 769 295 813 eos
306 750 501 833 justificare
525 772 597 816 non
618 759 793 834 poterant,
811 750 1050 832 promittentes
1068 756 1185 816 tamen
1196 735 1348 830 W

236 849 328 930 quod
352 849 388 913 in
413 851 583 915 auxilium
608 857 808 914 nostrorum·
826 849 983 914 venirent
1007 849 1063 913 die
1089 841 1305 955 erasm}

235 947 310 1012 tina
360 969 438 1014 cum
490 948 614 1014 ‘an
660 949 758 1031 equis
798 948 954 1012 armatis.
1020 933 1304 1012 credide-sot·1⁰·’

234 1053 384 1129 ruutque
412 1050 474 1124 eie,
498 1056 534 1113 et
555 1048 758 1112 dimiserunt
781 1056 851 1111 eos.
914 1027 1300 1128 ln‘recessu,’²{¹i1“rliss¹

234 1151 350 1210 antem
383 1167 500 1212 eorum
530 1148 566 1210 in
596 1147 761 1230 vesperis,
792 1165 871 1210 oum
902 1145 1107 1226 quibusdam
1137 1166 1183 1211 ex

234 1246 362 1310 nostris
377 1265 399 1310 a
414 1246 548 1328 foragio
570 1245 822 1310 revertentibus
847 1244 1056 1321 obviassent,
1073 1245 1200 1310 insul··

236 1349 309 1406 tum
325 1344 408 1408 fecit
421 1345 456 1407 in
471 1363 530 1408 eos
544 1344 603 1409 ille
619 1351 733 1408 eomes
750 1343 793 1407 de
812 1343 989 1418 Leuenex,
1005 1351 1040 1408 et
1055 1343 1182 1408 collum

233 1443 336 1505 unius
365 1443 490 1525 peditis
518 1437 707 1526 perforavit
736 1441 862 1524 gladio.
915 1440 1019 1519 Quod
1038 1444 1182 1506 eumin

233 1542 389 1607 exercitu
413 1549 534 1608 nostro
559 1543 760 1607 nunciatum
787 1548 892 1619 esset,
916 1558 999 1604 mox
1024 1561 1184 1606 cucurre-

234 1646 315 1704 runt
345 1641 390 1704 ad
424 1659 532 1718 arma,
565 1648 600 1706 et
630 1640 850 1705 vulneratum
882 1639 1183 1721 sanguinolentum

233 1738 350 1804 comiti
366 1739 410 1802 de
421 1740 599 1805 Warenne
610 1745 873 1822 praesentarunt,
887 1745 1090 1820 expetentes
1107 1740 1183 1803 vin·

234 1837 362 1901 dictam
389 1838 464 1902 fiori
496 1841 600 1903 etiam
625 1839 703 1921 ipsa
726 1845 839 1914 noete,
867 1837 1121 1903 conclamantes
1148 1847 1184 1903 et

233 1926 386 2001 dicentes
411 1938 613 2002 seditionem
638 1937 712 2000 fieri
734 1942 770 2000 et
794 1935 896 2000 fidem
924 1936 1070 2000 fractam
1096 1955 1182 2001 esse.

234 2032 291 2099 Ad
308 2035 382 2100 baec
404 2055 531 2114 eomes,
546 2043 568 2072 ‘¹
579 2035 788 2111 Sustinete,’'
809 2035 933 2116 inquit,
955 2040 1089 2100 “nocte
1105 2035 1183 2113 bae,

233 2142 274 2198 ut
288 2134 364 2198 siin
378 2136 567 2200 crastinum
582 2136 753 2218 promissa
762 2153 832 2197 non
843 2133 1100 2216 compleverint,
1109 2153 1182 2198 ma-

226 2233 341 2316 jorem
365 2235 470 2298 etiam
489 2235 527 2298 in
550 2234 616 2298 hoc
638 2234 731 2298 facto
755 2232 921 2296 ultionem
943 2234 1182 2314 expetamus*

233 2332 405 2415 Praecepit
426 2342 542 2398 temen
566 2340 606 2398 ut
623 2352 741 2398 omnes
760 2338 877 2396 essent
901 2332 1016 2415 parati
1036 2333 1072 2394 in
1088 2351 1183 2398 eras·

232 2431 342 2496 tinum
379 2432 423 2496 ad
460 2432 707 2497 transeundum
743 2438 883 2513 pontem
921 2432 964 2494 de
996 2429 1181 2514 Strivelyn.

233 2529 340 2594 Mane
365 2539 481 2595 autem
506 2531 610 2606 facto,
638 2531 848 2595 transierunt
873 2537 1013 2612 pontem
1039 2531 1181 2612 ‘pedes-

232 2634 303 2694 tres
333 2631 442 2694 nostri
473 2629 658 2712 plusquam
687 2630 840 2711 quinque
871 2629 980 2692 millia
1015 2636 1051 2693 et
1082 2629 1181 2694 Wal-

233 2726 345 2792 lenses
361 2727 519 2811 plures,’³
544 2731 738 2811 iterumque
756 2728 1016 2792 revertebantur
1030 2747 1072 2792 eo
1087 2728 1180 2810 quod

232 2844 347 2891 eomes
377 2836 492 2892 noster
515 2847 636 2892 somno
657 2827 842 2909 depressus
866 2827 902 2889 in
928 2845 1089 2908 eampum
1111 2847 1181 2891 non

233 2925 374 2991 exisset.
428 2925 585 3008 Cumque
598 2937 680 3009 post
693 2944 856 3007 magnam
871 2925 992 2988 horam
1008 2927 1179 2989 surrexis-

233 3032 286 3087 set
303 3043 326 3087 a
342 3043 475 3099 somno,
499 3033 682 3106 essentque
699 3041 819 3087 omnes
841 3023 876 3085 in
899 3041 1023 3104 eampo
1043 3025 1182 3099 armati,

232 3121 315 3185 fecit
328 3121 454 3185 ibidem
468 3142 578 3187 novos
591 3123 731 3198 milites,
743 3140 888 3204 quorum
905 3121 1046 3201 quidam
1061 3121 1181 3184 eadem

232 3219 288 3282 die
319 3228 534 3285 corruerunt.
586 3220 799 3300 Iuterimque
826 3219 1037 3282 transierunt
1062 3219 1183 3301 pedes-

234 3327 304 3382 tres
338 3321 460 3394 nostri,
497 3326 531 3382 et
570 3321 694 3383 iterato
728 3317 859 3381 reversi
889 3325 973 3382 sunt
1010 3337 1052 3381 eo
1089 3316 1182 3399 quod

233 3418 444 3496 senescallus
460 3418 773 3482 Scotiee‘etcomes
785 3417 828 3480 de
839 3415 1039 3480 Levenau’⁴
1050 3417 1181 3480 ‘venie-

233 3510 349 3580 bant’⁶
378 3536 457 3580 cum
486 3517 606 3599 paucis
635 3516 774 3598 quidem
802 3522 836 3579 et
863 3534 932 3579 non
960 3534 1038 3580 cum
1068 3505 1184 3578 ‘nx.’⁶

233 3615 376 3679 armatis
421 3622 460 3679 ut
508 3622 753 3689 convenerant,
786 3614 1041 3696 credebantque
1073 3614 1184 3678 nostri

232 3713 324 3794 ipsos
341 3713 415 3778 fore
437 3714 575 3797 bajulos
597 3715 678 3778 boni
700 3713 829 3790 uunoii,
847 3712 906 3777 sed
929 3719 1185 3777 excusaverunt
1289 3729 1293 3735 ·

270 3927 595 3982 ¹⁶xr·.’MS.00tt.Tib.
759 3929 902 3981 ⁴0mitted
937 3932 964 3979 in
1003 3929 1081 3978 MSS.
1117 3928 1182 3978 Coll·

267 3999 446 4062 '‘regressu,'
458 4001 516 4050 MS.
529 4001 598 4052 Cott.
607 4001 688 4061 Vesp.
723 3999 859 4049 Armand
870 3998 1006 4049 GottTib.
1138 4039 1139 4044 ,

267 4066 278 4096 ⁸
293 4069 446 4130 ‘pedestres
462 4071 542 4119 nostri
560 4070 698 4131 plusquam
759 4065 770 4096 ⁵
786 4067 938 4130 ‘veniebat'
949 4067 1009 4116 MS.
1020 4066 1088 4115 Cott.
1099 4065 1157 4115 Tib.

231 4139 313 4187 millia
341 4139 504 4202 wallenses,’
537 4138 595 4188 MS.
630 4138 698 4188 Gott.
760 4134 1028 4199 ο*ιιι.,’Μ88.Οοὶὶ.
1041 4135 1186 4198 Vespand

231 4209 311 4269 Vesp.
726 4206 861 4257 Oott‘lib.
