3138 4988
355 458 525 505 wnnrunr
550 459 596 505 nn
620 457 905 508 unnrnonunorr.
1035 445 1101 509 299

150 614 360 680 sufficienter
380 616 523 692 ditatus,
542 617 703 698 operibus
719 617 937 681 eleemosinae
952 615 1100 692 deditus,
1113 631 1264 722 ff'ffill

89 713 91 718 ’
151 715 382 798 hospitalitati
414 717 579 793 intentus,
608 724 644 779 et
674 735 873 798 quanquam
903 735 965 797 per
993 733 1260 814 unumW

151 815 300 878 milliare
332 822 367 878 et
398 815 547 897 amplius
578 815 730 880 adorno
760 835 825 880 sua
855 822 990 880 semota
1010 815 1101 878 foret

153 913 312 989 ecclesio,
340 913 437 978 nulla
463 915 624 977 imbrium
653 915 812 990 molestia
839 921 900 978 aut
926 915 1016 978 aeris
1046 915 1099 978 in·

152 1014 316 1096 temperie
330 1013 528 1094 impeditus
537 1013 683 1094 singulis
695 1015 816 1078 diebus
830 1015 969 1077 missam
980 1013 1100 1076 audire

152 1113 298 1176 solebat.
353 1112 469 1178 Nocte
486 1132 570 1176 vero
585 1113 747 1195 quadam,
764 1113 845 1176 dum
860 1113 978 1195 sopori
992 1119 1099 1176 mem'-

151 1212 215 1274 bra
229 1211 391 1288 dedisset,
404 1211 568 1292 usquead
581 1212 689 1293 plana
704 1211 903 1276 Salisburiae
918 1232 980 1293 per
992 1211 1101 1294 longa
1131 1257 1134 1263 ·

152 1318 322 1374 terrarum
352 1311 468 1393 spatia
497 1311 612 1375 subito
641 1330 679 1374 se
703 1312 911 1375 translatum
936 1311 1100 1384 ridebat;

152 1417 187 1474 et
220 1413 321 1476 ecce!
356 1429 378 1473 a
410 1410 645 1492 septentrione
677 1412 851 1476 exercitus
885 1429 1032 1490 magnus
1064 1417 1100 1473 et

153 1510 316 1573 terribilis
331 1529 409 1573 oum
424 1510 533 1592 equis,
552 1510 669 1585 armis,
685 1517 721 1574 et
738 1511 900 1574 universo
915 1517 1099 1591 apparatu,

49 1633 52 1644 ’
153 1609 229 1690 pice
244 1610 464 1691 nigrioribus,
482 1610 685 1690 apparebat,
699 1629 801 1692 quern
818 1609 931 1672 nudus
946 1609 1099 1690 quidam,

153 1718 281 1789 praeter
295 1708 487 1784 femoralia,
503 1709 711 1773 antecedens
734 1726 871 1772 crucem
893 1709 929 1772 in
949 1707 1099 1772 humeris

154 1807 345 1890 bajulavit3
387 1809 431 1871 ab
463 1814 582 1870 austro
612 1827 694 1870 vero
725 1807 894 1890 processit
925 1807 1099 1870 exercitus

154 1926 222 1970 non
239 1906 406 1982 modicus,
419 1906 556 1969 inomni
570 1925 686 1969 eorum
703 1913 874 1988 apparatu
890 1905 1098 1982 albissimus

153 2025 258 2086 quam
272 2007 370 2086 virgo
380 2004 540 2086 quaedam
551 2004 792 2086 pulcherrima,
804 2005 968 2068 vexillum
979 2005 1101 2068 Sancti

155 2103 299 2186 Georgii
323 2105 360 2167 in
384 2105 544 2168 manibus
569 2103 692 2180 ferens,
713 2105 893 2186 praeiebat,
918 2123 1098 2186 quaecum

154 2212 300 2286 uterque
315 2204 489 2268 exercitus
511 2205 790 2286 appropinquare
812 2203 999 2280 videretur,
1015 2210 1097 2267 ante

154 2304 284 2367 nudum
309 2303 480 2367 hominem
503 2302 602 2365 illum
625 2303 770 2385 genibus
796 2302 899 2367 flexis
923 2309 1099 2384 prostrata

154 2410 219 2477 est,
235 2403 363 2479 dicens,
380 2407 403 2436 “
417 2403 485 2466 Fili
499 2401 733 2479 dilectissime,
743 2401 870 2484 saepius
882 2402 1099 2467 clementiam

154 2507 250 2566 tuam
280 2503 400 2566 humili
433 2501 577 2565 exoravi
607 2521 720 2583 prece,
745 2504 917 2584 quatenus
946 2501 1100 2584 peccatis

155 2600 336 2666 Scotorum
373 2601 666 2666 invalescentibus
704 2603 763 2684 qui
803 2609 931 2666 terram
960 2601 1100 2684 Anglire

154 2701 281 2764 totiens
304 2701 432 2784 injuste
465 2719 594 2764 vexare
620 2721 690 2764 non
718 2701 889 2767 desistunt
917 2702 1022 2777 oaede,
1045 2703 1100 2785 in·

155 2800 285 2876 cendio,
320 2807 354 2864 et
382 2801 476 2882 igne,
506 2800 542 2861 in
571 2801 803 2881 praesentique
839 2819 958 2882 preces
993 2801 1098 2864 fundo

154 2917 259 2980 super
294 2899 426 2962 scelera
460 2916 579 2961 eorum
612 2899 800 2962 vindictam
833 2900 1026 2962 accelerare
1057 2920 1100 2962 ne

154 2997 326 3060 differas''
380 2996 446 3062 Cui
469 2997 527 3058 ille
546 2996 616 3060 ait:
641 2997 773 3061 “Num
800 2997 951 3078 ignoras,
977 3005 1099 3075 mater,

155 3095 278 3160 Scotos
312 3098 630 3160 excommunicatos
665 3115 741 3159 esse
780 3102 815 3160 et
852 3095 1099 3160 abominabiles

105 3253 107 3260 Α
155 3196 291 3260 factost
344 3195 382 3259 Si
397 3195 487 3258 enirn
503 3194 656 3259 vindicta
678 3215 782 3278 super
803 3196 958 3278 nequitia
982 3215 1100 3260 corum

157 3295 256 3358 fieret
283 3295 422 3371 festina,
451 3295 587 3376 reprobi
615 3302 792 3359 manerent
817 3296 854 3357 in
880 3302 1038 3359 eternum
1065 3303 1101 3359 et
1139 3307 1141 3312 '

155 3395 328 3458 damnati:
360 3413 543 3476 parumper
582 3395 672 3456 euim
703 3395 732 3458 si
766 3395 855 3459 forte
877 3415 915 3458 se
941 3395 1100 3458 emenda-

155 3495 267 3556 verint
296 3502 331 3557 et
349 3496 393 3557 ab
416 3493 656 3575 iniquitatibus
678 3494 885 3577 resipuerint
908 3495 1097 3559 misericor·

155 3593 245 3656 diter
255 3593 466 3674 expectab03
491 3593 543 3656 sin
556 3600 683 3670 autem,
696 3613 800 3656 manu
810 3603 955 3658 extenta
964 3596 1100 3660 veniam

154 3702 276 3756 contra
291 3712 350 3756 eos
365 3701 401 3756 et
424 3694 459 3755 in
476 3694 575 3773 virga
595 3692 707 3758 ferrea
729 3701 763 3759 et
784 3695 971 3759 ulciscente
988 3696 1103 3760 taliter

155 3793 355 3873 percutiam,
374 3793 466 3873 quod
492 3812 554 3874 per
579 3794 696 3856 orbem
721 3795 843 3858 merito
867 3802 1045 3859 vertentur
1068 3796 1104 3857 in

155 3885 307 3954 fabulam
326 3901 360 3953 et
376 3891 611 3972 exemplum.''
664 3891 732 3954 His
750 3893 863 3968 dictis,
880 3895 972 3957 sicut
987 3895 1103 3958 subito

154 3997 300 4072 uterque
331 4000 472 4054 venerat
504 3991 676 4054 exercitus
705 3991 755 4054 sic
788 4003 823 4055 et
859 3992 1029 4078 disparuit
1061 3995 1104 4057 ab

156 4090 264 4153 oculis
293 4090 376 4153 suis.
429 4089 542 4152 Senex
566 4091 653 4154 enim
683 4091 742 4173 qui
768 4091 842 4154 haec
872 4091 959 4156 vidit
984 4093 1105 4156 vicinis

155 4190 227 4253 suis
237 4189 462 4272 perordinem
472 4190 644 4266 retulit,et
654 4188 1104 4272 ScotosAnglorummanus
