3178 4992
430 449 601 497 wantum
626 449 673 494 on
698 449 983 497 nnntucouncn.
1118 433 1183 496 105

229 625 290 670 nes
312 606 356 670 de
379 605 585 672 Somerville
607 612 643 668 et
659 605 860 670 Willelmus
882 605 926 668 de
952 604 1079 669 Sancto
1105 604 1183 669 Cla·
1212 629 1302 670 ranna
1311 629 1331 668 1.

229 704 292 772 το.1
326 705 406 768 Hos
416 723 533 768 ornnes
543 705 805 767 misitdominus
817 725 881 767 rex
891 707 1040 787 sparsim
1050 711 1084 767 et
1096 704 1184 768 divi-
1210 681 1339 721 ³'⁰'¹²⁹⁶‘

230 807 294 869 sim
307 824 368 887 per
378 820 445 868 ΧΠ.
458 805 515 871 vel
528 820 605 866 xvt.
622 803 666 866 ad
685 805 823 867 diversa
836 804 980 868 castella
996 804 1031 867 in
1044 802 1186 885 Anglia,

231 906 295 968 sub
315 903 416 966 firma
436 903 595 967 custodia
611 903 848 967 reservandos.
896 903 1049 967 Obtenta
1068 905 1187 986 itaque

231 1004 379 1068 victoria
396 1003 439 1066 de
457 1001 615 1078 Dunbar,
637 1002 807 1066 dissoluta
830 1011 911 1066 sunt
929 1003 1035 1066 corda
1050 1011 1085 1067 et
1108 1023 1188 1066 con-

233 1104 313 1167 silia
339 1103 534 1178 Scotorum,
560 1101 790 1183 fugeruntque
817 1103 917 1182 quasi
949 1121 1066 1166 omnes
1094 1103 1188 1166 ultra

232 1222 328 1282 mare
345 1203 443 1284 regni
467 1201 573 1277 illius,
594 1202 752 1283 exceptis
774 1200 843 1263 illis
862 1203 923 1282 qui
942 1202 1188 1289 ind-castrorum

232 1302 404 1385 praesidiis
426 1301 661 1365 remanebant.
714 1300 849 1364 Exinde
872 1301 1040 1382 processit
1060 1320 1122 1364 rex
1144 1299 1188 1364 ad

236 1401 373 1482 aliquas
393 1400 497 1464 urbes
523 1406 559 1463 et
583 1399 722 1482 oppida,
745 1407 780 1463 ct
801 1406 931 1462 extunc
957 1417 1058 1464 omne
1085 1401 1189 1463 robur

237 1500 364 1564 Scotiae
397 1500 497 1581 quasi
529 1499 668 1562 minimo
701 1504 736 1562 et
765 1499 945 1562 incruento
978 1499 1118 1580 negotio
1153 1499 1188 1560 in

236 1619 335 1670 suam
361 1605 569 1680 potestatem
598 1596 792 1680 ‘redegit’⁹
819 1605 855 1661 et
879 1599 974 1660 vicit.
1026 1597 1189 1680 Namque
1202 1605 1323 1704 {ffi‘l‘

237 1699 319 1780 quia
355 1699 552 1762 universam
591 1716 709 1762 eorum
749 1695 895 1778 gloriam
934 1697 1036 1760 unius
1074 1697 1266 1779 proeffiwm.

237 1817 338 1862 casus
363 1799 552 1873 abraserat,
578 1797 613 1860 in
640 1797 834 1860 obtinendis
858 1796 1005 1860 residuis
1028 1797 1125 1860 nulla
1152 1815 1189 1860 se

237 1897 509 1963 fortunatissimo
527 1897 673 1980 principi
689 1895 873 1960 difficultas
889 1896 1064 1978 opposuit.

263 2119 414 2200 Quorum
429 2119 496 2184 Bac·
511 2119 621 2184 Scotto
637 2127 666 2183 ot
680 2119 846 2204 Mopsum
860 2118 911 2183 sui
927 2115 1115 2202 subjecerunt
1129 2140 1169 2183 sc.

185 2372 190 2380 1
292 2295 379 2359 Post
395 2295 469 2360 dies
492 2296 625 2377 aliquot
643 2295 812 2379 processit
830 2314 890 2357 rex
914 2294 958 2358 ad
977 2301 1126 2359 castrum
1149 2295 1191 2359 de
1204 2317 1322 2376 nomnen

241 2395 485 2476 Rokesburgh,
503 2395 595 2477 quod
613 2394 672 2457 diu
697 2395 1084 2458 tenuerat'senescallus
1107 2394 1190 2458 Sco·
1204 2369 1356 2466 illgfflna

242 2497 313 2572 tiae,
339 2503 375 2558 et
401 2495 520 2559 statim
546 2494 632 2557 illud
661 2493 810 2558 reddidit
837 2495 872 2556 in
904 2493 1055 2558 adventu
1089 2495 1192 2576 regis,
1205 2468 1328 2508 'mm

242 2595 348 2658 salvis
368 2595 441 2659 vita
462 2601 497 2658 et
520 2595 694 2670 membris
713 2594 816 2656 terris
840 2600 875 2656 et
896 2592 1052 2672 catallis3
1076 2595 1192 2675 ibique

241 2700 408 2758 venerunt
439 2694 483 2757 ad
512 2712 628 2774 regem
661 2708 724 2768 xv,
751 2692 861 2756 millia
884 2693 1127 2770 Wallensium,
1157 2702 1192 2757 et

243 2793 422 2857 confestim
460 2793 495 2855 in
534 2793 701 2874 Angliam
741 2792 874 2855 remisit
910 2793 1012 2874 quasi
1047 2793 1192 2857 eundem

244 2911 422 2955 numerum
445 2912 489 2955 ex
514 2890 671 2972 Anglicis
698 2891 868 2973 fatigatis,
887 2893 1112 2974 stabilitoque
1136 2912 1195 2956 ca·

245 2999 331 3068 stro,
346 2990 523 3073 profectus
545 2999 598 3055 est
614 3010 692 3055 cum
711 2992 866 3055 exercitu
889 2998 962 3054 toto
978 2991 1021 3054 ad
1040 2999 1192 3055 castrum

247 3091 460 3166 Puellarum,
491 3091 584 3171 quod
617 3089 765 3172 Anglice
798 3090 924 3154 dicitur
954 3089 1191 3170 Edensburgh‚

169 3203 170 3210 ’
244 3190 446 3271 obseditque
471 3189 557 3271 illud
579 3209 641 3273 per
657 3195 666 3224 ‘
680 3186 788 3254 vnt.’³
812 3188 897 3265 dies,
918 3195 952 3252 et
973 3189 1106 3253 fortiter
1129 3209 1191 3252 ex-

246 3289 418 3372 pugnavit
453 3289 580 3370 ligneis
623 3288 789 3352 machinis
830 3308 918 3370 quas
960 3289 1119 3371 copiosas
1159 3297 1193 3352 et

247 3389 418 3452 maximas
440 3389 567 3451 ibidem
591 3389 769 3464 attulerat,
792 3387 1030 3470 dederuntque
1056 3407 1093 3452 se
1119 3407 1194 3450 cas·

247 3495 379 3551 trenses
397 3495 432 3550 et
451 3488 579 3550 eisdem
595 3487 670 3565 vita
688 3488 770 3550 data
787 3495 851 3551 est.
889 3488 1112 3570 Divertitque
1130 3507 1193 3550 rex

247 3606 356 3669 usque
382 3586 570 3670 Strivelyn‚
597 3593 632 3650 et
660 3587 791 3650 invenit
816 3594 968 3650 castrum
993 3607 1139 3651 vacuum
1161 3593 1195 3651 et

246 3687 415 3749 neminem
428 3687 460 3748 ei
473 3687 704 3762 resistentem,
717 3685 881 3766 fugerant
892 3687 981 3749 enim
999 3687 1159 3750 custodes
1173 3707 1195 3748 a

246 3786 334 3849 facie
349 3784 424 3868 ejus
439 3786 561 3848 timore
576 3785 762 3867 perterriti,
775 3785 892 3867 ibique
905 3787 1001 3849 venit
1020 3787 1063 3849 ad
1080 3805 1194 3866 regem
1210 3807 1329 3851 naono

246 3904 360 3947 comes
386 3885 428 3947 de
446 3884 639 3947 Huluester
654 3903 732 3948 cum
750 3885 1014 3966 quadringentis
1030 3885 1197 3966 equestri·
1211 3858 1342 3955 tdritffffm

280 4075 288 4108 ¹
306 4079 421 4126 William
434 4078 555 4138 Sinclair,
567 4077 666 4138 Bishop
685 4077 715 4125 ot'
772 4075 782 4105 ²
798 4077 913 4126 Omitted
924 4078 950 4125 in
962 4077 1020 4126 MS.
1033 4077 1100 4128 Goll.
1110 4077 1182 4128 Arm.

246 4148 378 4208 Dunkeld‚
390 4147 441 4196 and
459 4147 552 4196 second
570 4161 615 4195 son
626 4147 656 4195 of
669 4147 711 4196 the

246 4219 330 4266 aaron
342 4218 452 4267 Sinclair
463 4218 541 4266 above
554 4217 704 4266 mentioned.
774 4213 783 4244 ³
802 4216 884 4279 ‘v11.,'
896 4216 952 4265 MS.
966 4215 1033 4266 Oott.
1044 4217 1102 4267 Tib.
