3144 4990
395 468 463 535 426
485 485 696 535 cflaouloott
719 485 896 536 wunsam·
915 487 963 535 DE
985 486 1270 539 uuumoauaeu.

235 655 328 746 {ruffi
331 655 384 746 ³141413
396 643 584 720 trahentes,
602 643 756 708 votivum
779 637 940 708 affectum
962 665 1031 709 non
1048 645 1196 710 habetis.
1249 645 1345 724 Quo·

230 757 378 837 ᾗ
397 743 489 807 circa
509 742 698 808 deliberato
719 745 907 825 proposito,
927 765 973 809 ex
995 765 1064 828 quo
1086 743 1285 809 conflictum
1308 747 1344 810 in

235 837 377 928 fflssffl
397 843 600 906 immensum
633 843 864 907 desideratum
895 846 1059 926 consequi
1088 863 1157 908 non
1187 845 1343 909 valemus

235 938 386 1039 ‘mm
397 962 459 1026 per
476 963 619 1024 regnum
641 949 796 1006 nostrum
822 943 1032 1008 antedictum
1055 950 1274 1008 transeuntes
1299 946 1344 1009 ad

398 1041 663 1106 confortandum
683 1043 813 1106 amicos
830 1049 967 1107 nostros
983 1050 1018 1107 et
1032 1042 1162 1120 fideles,
1180 1043 1224 1106 ad
1242 1045 1344 1108 casti-

397 1140 549 1224 gundum
577 1148 715 1206 nostros
745 1141 889 1207 rebelles
920 1161 1008 1224 quos
1032 1141 1161 1226 injuste
1186 1143 1343 1207 subditos

398 1250 534 1306 vestros
563 1241 737 1316 asseritm3
766 1247 801 1306 et
825 1243 862 1306 in
884 1240 977 1305 dicto
999 1260 1107 1324 regno
1133 1249 1253 1307 nostro
1277 1262 1341 1325 pro

398 1340 617 1423 expeditione
642 1359 778 1422 guerrae
803 1348 930 1405 nostrae
951 1340 1115 1406 continue
1139 1343 1267 1405 morari
1289 1343 1343 1405 in·

399 1441 573 1505 tendimus
590 1440 635 1504 ad
658 1441 771 1524 majus
793 1441 902 1505 nostri
922 1442 1138 1505 commodum
1159 1461 1227 1524 quo
1249 1441 1344 1505 vale-

398 1559 488 1617 mus,
510 1548 546 1604 et
567 1540 674 1605 vestri
697 1539 858 1604 damnum
881 1545 916 1604 et
938 1540 1116 1604 rebellium
1135 1548 1343 1605 nostrorum.

399 1640 437 1704 Si
458 1641 548 1705 enim
568 1640 784 1704 voluntatem
807 1640 1051 1722 congrediendi
1070 1649 1192 1706 contm
1210 1659 1287 1717 nos,
1308 1649 1344 1705 et

399 1759 486 1821 quos
518 1738 674 1803 subditos
707 1746 843 1803 vestros
877 1739 1030 1804 asseritis
1065 1741 1183 1804 salvos
1216 1740 1344 1817 facere,

398 1840 489 1904 sicut
525 1859 588 1922 per
623 1838 741 1903 literas
773 1846 907 1903 vestras
936 1859 1104 1922 apparere
1131 1840 1277 1918 videtur,
1307 1840 1343 1904 iu

399 1941 561 2022 praesenti
586 1938 629 2002 de
658 1938 752 2003 sacto
773 1946 966 2005 monstrare
994 1935 1146 2014 valetis3'
1162 1940 1239 2004 Deo
1261 1957 1344 2004 vero

401 2040 564 2122 propitio,
580 2057 682 2120 quem
698 2057 761 2120 pro
777 2040 949 2103 communi
962 2038 1234 2104 Christianitatis
1249 2059 1342 2103 com·

400 2139 502 2203 modo
528 2156 660 2202 summe
686 2137 900 2216 affectamus,
924 2138 966 2202 ad
996 2138 1222 2203 resistendum
1245 2139 1343 2204 vobis

400 2240 435 2302 in
461 2257 596 2321 campo,
618 2238 649 2301 si
672 2239 848 2315 veneritis,
875 2257 939 2303 uos
965 2257 1101 2319 semper
1128 2247 1270 2321 paratos
1293 2239 1344 2302 in-

400 2339 556 2415 venietis,
573 2356 618 2402 ex
635 2357 704 2420 quo
723 2338 855 2402 nullam
877 2338 1116 2402 rationabilem
1138 2339 1235 2419 pacis
1251 2338 1342 2402 viam

400 2445 552 2503 tractare
575 2436 763 2519 dignamini
794 2457 857 2502 nec
882 2449 1074 2520 acceptare.
1128 2437 1253 2516 Quoad
1278 2438 1344 2503 hoc

400 2538 491 2602 enim
512 2538 603 2620 quod
633 2537 732 2600 uobis
759 2536 873 2600 locum
893 2545 929 2601 et
953 2537 1043 2602 diem
1061 2538 1142 2602 belli
1169 2539 1346 2620 assignare

401 2636 613 2711 decrevistis,
629 2635 778 2699 consulti
792 2655 860 2700 non
876 2655 1008 2715 sumus,
1029 2655 1093 2702 nec
1110 2637 1269 2702 volumus
1284 2658 1346 2720 per

400 2755 464 2800 vos
489 2737 617 2812 taxari,
644 2755 708 2800 nec
732 2736 796 2799 sub
822 2736 1077 2802 conditionibus
1102 2738 1278 2821 praedictis
1303 2738 1346 2800 de

401 2837 500 2900 robis
521 2835 634 2899 locum
653 2842 688 2899 et
713 2835 803 2899 diem
820 2835 903 2901 belli
923 2844 1116 2920 acceptare,
1142 2837 1202 2902 sed
1224 2857 1345 2901 secun·

402 2933 482 3000 dum
496 2935 636 2999 modum
654 2942 810 2999 nostrum
827 2937 1004 3018 proprium
1025 2945 1061 3001 et
1082 2938 1230 3018 gratiam
1247 2937 1346 3001 nobis

402 3036 516 3100 aDeo
536 3036 711 3112 collatam,
736 3036 828 3098 sicut
847 3055 910 3100 rex
929 3037 966 3099 in
987 3055 1052 3099 suo
1066 3055 1173 3119 regno
1195 3043 1346 3100 nosmet-

401 3136 496 3217 ipsos
523 3143 645 3199 taxare
667 3134 827 3199 volumus
852 3142 886 3198 et
904 3135 1074 3200 ordinare.
1126 3136 1257 3201 Datum
1282 3135 1346 3199 sub

403 3234 520 3317 sigillo
534 3242 653 3299 nostro
669 3251 733 3298 xv.
750 3235 806 3298 die
821 3233 987 3314 Augusti,
1005 3255 1096 3300 anno
1116 3237 1216 3318 regni
1236 3235 1347 3300 nostri

403 3334 561 3399 Franciae
578 3334 737 3417 septimo,
753 3341 788 3398 et
803 3333 941 3416 Angliae
957 3336 1131 3400 vicesimo.
1244 3386 1245 3390 η

404 3540 413 3568 ‘
426 3533 475 3598 Do
488 3531 577 3597 Bello
589 3532 671 3597 baur
685 3533 780 3619 Repes
793 3532 918 3617 Aapliae
931 3532 1123 3664 et¹Fraueiae
1139 3531 1228 3617 opud
1244 3531 1351 3616 Oressy

770 3632 947 3696 commarca!

438 3877 445 3907 ¹
465 3875 579 3928 Omitted
591 3879 617 3926 in
629 3878 705 3927 MSS.
717 3877 783 3928 coll.
793 3875 864 3928 Trio.
877 3877 908 3928 a.
921 3881 998 3940 5,1o,
1010 3877 1061 3926 aud
1072 3876 1172 3926 Cotton.
1186 3876 1256 3925 Nem
1268 3875 1304 3928 D.
1314 3875 1342 3926 li.
