3126 4986
403 481 575 532 wnnrnm
598 483 645 529 nn
669 483 951 532 HRMINGBURGH.
1113 471 1157 534 35

198 635 291 700 Dien
315 636 396 720 Roy
414 636 666 719 d'Engleterra
682 658 770 703 nous
791 646 849 722 eyt
867 640 1075 719 enfourmez,
1091 663 1156 725 par
1181 655 1300 745 {dgnrggi

196 736 306 799 bones
331 745 367 802 et
391 737 612 803 suffisauntes
636 758 767 815 resons,
797 759 841 821 qe
865 759 886 803 a
911 739 961 803 lui
988 750 1094 823 apent
1119 752 1154 808 et
1167 733 1279 836 ὠή
1305 733 1310 744 '

197 837 298 898 avoir
320 837 394 903 doit
413 837 449 902 la
469 857 662 921 soverayne
682 840 854 920 seignorie
875 838 921 901 du
948 860 1087 907 reanme
1111 844 1273 908 de⁸⁰⁰²¹⁸¹¹b

199 935 344 1014 Escooe,
368 944 403 1001 et
423 939 459 1001 la
480 939 731 1003 connissaunce
757 939 799 1002 de
824 940 888 1016 oir,
910 940 1005 1018 trier,
1028 951 1064 1006 et
1085 951 1153 1008 ter-

133 1097 135 1101 .
200 1035 312 1098 miner
329 1044 447 1101 nostre
464 1037 577 1114 droit3

251 1135 363 1213 Nous,
391 1137 434 1200 de
460 1144 578 1202 nostre
603 1156 728 1220 propre
755 1138 909 1214 volunta,
936 1156 1043 1202 sanna
1072 1141 1154 1206 nule

199 1253 338 1300 manere
355 1236 398 1299 de
413 1237 507 1302 force
524 1258 570 1301 ou
584 1238 771 1313 destresce,
781 1238 928 1314 rotome,
946 1239 1151 1317 ‘otrioms,'¹

199 1340 234 1396 ot
248 1344 454 1414 grauntoms.
471 1337 523 1401 de.
535 1357 699 1420 receyure
722 1337 813 1401 droit
830 1338 984 1403 devaunt
997 1338 1059 1416 lui,
1075 1360 1151 1404 com

198 1452 369 1518 soverayn
386 1438 526 1518 seignor
542 1437 585 1501 de
602 1438 638 1500 la
654 1446 756 1502 terre.

250 1534 281 1597 E
299 1535 430 1599 voloms
451 1537 487 1600 ia
507 1537 540 1600 le
562 1538 683 1613 meins,
700 1544 736 1602 et
752 1543 977 1618 promettoms
999 1558 1042 1620 qe
1064 1558 1153 1604 nous

199 1653 371 1712 aueroms,
386 1643 421 1700 et
437 1636 612 1702 tendroms
628 1637 713 1700 ferm
730 1645 765 1701 et
782 1637 915 1701 estable
931 1658 995 1702 son
1012 1638 1092 1714 sete,
1109 1659 1153 1720 qe

201 1733 290 1798 celui
308 1744 494 1818 enportera
513 1738 546 1802 le'
568 1737 709 1813 realme,
727 1757 748 1801 a
765 1738 801 1820 qi
815 1737 908 1802 droit
922 1738 955 1802 le
971 1738 1076 1802 duma
1091 1739 1151 1802 de-

204 1842 310 1898 vaunt
325 1835 385 1900 lui.
691 1897 692 1900 ,

254 1934 306 1998 En
323 1936 513 2017 tesmoigne
530 1935 574 2000 de
589 1943 683 2000 ceste
700 1937 806 2001 chose
822 1955 913 2000 nous
933 1955 1054 2000 avoms
1076 1957 1153 2018 mys

201 2053 265 2096 nos
282 2036 373 2098 seals
389 2055 411 2099 a
428 2043 501 2100 cest
516 2037 630 2100 escrit.

254 2134 319 2198 Fet
326 2142 363 2198 'et
374 2135 495 2200 donea
508 2135 677 2214 Norbam,
689 2135 723 2198 le
733 2135 863 2218 ,Mar-dy
874 2133 1038 2218 prochain
1049 2154 1151 2218 apres
1164 2152 1269 2242 fuenrgn

201 2233 237 2313 la
252 2233 456 2312 Assension‚
473 2233 542 2300 l’an
556 2237 601 2300 de
617 2255 721 2318 grace
738 2253 902 2300 mccxcr.
1179 2214 1221 2242 ¹¹⁰⁰
1244 2231 1248 2248 ¹

252 2334 426 2399 concesso
448 2337 566 2418 itaque
586 2336 740 2400 dominio
757 2343 792 2399 et
806 2335 1036 2400 submissione
1058 2334 1152 2398 facta

201 2435 292 2516 quod
308 2435 416 2516 ipsius
433 2436 576 2500 arbitrio
599 2437 812 2512 substarent,
828 2436 930 2518 petiit
947 2455 1010 2500 rex
1034 2443 1152 2502 custo-

202 2533 292 2597 diam
314 2543 507 2604 castrorum
531 2544 567 2600 et
583 2543 685 2600 terrae
707 2536 815 2603 totius
842 2536 947 2612 illins,
976 2542 1015 2599 ut
1039 2541 1075 2598 et
1092 2535 1153 2617 jus

202 2621 313 2698 suum⁸
327 2655 389 2716 per
414 2637 578 2700 saisinam
598 2635 778 2718 pacificam
799 2636 1005 2718 probaretur
1027 2641 1063 2698 et
1086 2636 1154 2717 ipsi

201 2733 400 2798 celeriorem
410 2736 586 2819 justitiam
601 2743 913 2818 consequerentur3
937 2741 975 2799 at
990 2735 1043 2798 ilii
1063 2754 1153 2816 prae-

202 2832 283 2896 dicti
297 2836 475 2913 nominati,
486 2835 529 2899 de
541 2836 649 2918 ipsius
656 2837 796 2919 iustitia
806 2844 841 2902 et
853 2835 919 2899 fide
930 2835 1154 2910 confidentes,

202 2933 273 2996 tale
290 2935 457 3017 seriptum
476 2943 732 3000 concesserunt.

254 3031 286 3096 A
312 3041 393 3098 toua
414 3037 510 3100 icens
533 3055 577 3119 qe
597 3043 690 3100 ceste
708 3040 869 3118 presente
891 3033 994 3097 lettre
1013 3038 1155 3096 verront

204 3151 249 3195 ou
270 3141 400 3211 orront,
418 3135 584 3200 Florenoe
607 3143 710 3200 eunte
733 3135 775 3199 de
791 3132 997 3207 Hoillannd,
1014 3130 1155 3193 Roberd

204 3231 246 3294 de
275 3233 367 3298 Brus
399 3236 538 3317 seignor
567 3236 614 3300 du
647 3235 719 3301 Vol
751 3233 941 3308 d'Anaunt,
970 3230 993 3296 J
997 3228 1088 3294 ohan
1112 3230 1155 3292 de

206 3331 357 3414 Baylloil
389 3335 529 3416 seignor
556 3336 599 3399 de
624 3334 791 3416 Gaweye,
818 3332 935 3399 Johan
968 3331 1011 3394 de
1045 3328 1156 3393 Hast-

205 3431 301 3512 inges
311 3433 450 3515 seignor
458 3435 501 3499 de
516 3436 733 3518 Bergeveny,
745 3435 768 3501 J
770 3433 860 3497 ohan
872 3433 1006 3514 Comyn
1017 3431 1156 3512 seignor

204 3531 247 3595 de
272 3532 501 3616 Badenough,
525 3533 649 3600 Patrik
676 3536 719 3600 do
745 3535 903 3597 Dumbar
922 3539 1026 3596 eunte
1053 3530 1156 3594 dela

205 3630 342 3710 March,
363 3634 386 3698 J
389 3635 480 3699 ohan
508 3635 551 3698 de
569 3635 687 3718 Vescy
707 3655 774 3717 pur
798 3653 882 3698 soen
910 3653 1004 3715 pere,
1028 3628 1155 3694 Niohol

203 3730 247 3796 de
265 3731 401 3812 Sontes,
419 3755 438 3798 e
454 3735 618 3804 Willame
635 3734 678 3798 de
694 3735 781 3811 Boe,
796 3734 892 3798 salua
910 3752 953 3796 en
971 3731 1071 3795 Dieu.

257 3831 363 3897 Come
394 3819 481 3898 nous
510 3853 629 3918 eyoms
662 3835 749 3898 otrie
775 3855 796 3898 e
821 3839 944 3915 grente
971 3832 1014 3894 de
1040 3835 1157 3893 nostre

204 3931 292 3994 bone
320 3933 465 3998 volunta
492 3955 511 3998 e
540 3955 663 3998 comun
692 3940 822 4009 assent,
846 3951 954 3996 sauna
981 3929 1061 3992 nuie
1089 3926 1158 3988 dis-

205 4038 328 4109 tresce,
345 4053 366 4096 a
383 4034 486 4098 noble
501 4035 622 4116 prinae
641 4033 709 4097 sire
731 4032 893 4107 Edward,
913 4049 976 4112 par
999 4028 1034 4090 la
1056 4043 1159 4106 grane

413 4265 419 4296 ¹
438 4269 609 4333 ‘essentonsss
623 4270 698 4320 MSS.
712 4268 741 4317 oi
750 4264 954 4329 Hemingburgh.

974 4397 990 4431 n
1008 4387 1023 4432 2
