3166 4992
422 482 487 546 194
790 496 1002 546 canonicor

275 653 598 760 {⁶5⁰313cuticus,'¹
629 663 665 718 et
696 655 740 719 ad
771 654 1013 737 occupandum
1044 661 1080 718 ot
1112 653 1370 738 subjugandum

263 801 337 841 ,ω,,
267 755 544 820 -ditioni
567 755 672 836 regiae
695 774 840 836 regnum
864 756 991 870 ipsum,
1016 761 1099 819 tunc
1122 754 1214 835 regis
1237 753 1369 818 auxilio

262 811 416 950 ruffi?
424 855 643 932 destitutum
662 854 883 919 vehementer
903 855 1077 937 aspirans,
1099 861 1134 918 et
1162 855 1298 919 tandem
1325 852 1368 916 ad

263 951 392 1042 fflffl
426 954 461 1020 id
493 973 659 1020 exercens
689 955 855 1037 potentiae
883 961 953 1018 ture
982 955 1087 1031 vires,
1117 953 1370 1018 venerabilibus

263 1049 417 1141 §ww
426 1054 592 1120 fratribus
615 1056 755 1131 nostris,
776 1055 931 1119 Roberto
957 1053 1171 1135 Glasguensi
1198 1059 1233 1116 et
1249 1054 1370 1116 Marco

427 1154 614 1220 Sodorcnsi
630 1155 814 1237 episcopis,
832 1161 868 1218 et
889 1153 1063 1218 nonnullis
1078 1152 1224 1230 clericis,
1241 1159 1277 1216 et
1292 1153 1371 1215 aliis

427 1255 583 1337 personis
619 1254 863 1318 ecclesiasticis
901 1253 984 1317 dicti
1019 1253 1130 1335 regni,
1159 1260 1200 1316 ut
1233 1252 1370 1330 dicitur,

427 1355 553 1436 captis,
577 1360 613 1418 et
631 1354 862 1418 carceralibus
884 1353 1032 1417 vinculis
1055 1352 1205 1430 traditis,
1225 1371 1371 1436 quorum

427 1454 576 1536 aliquoS,
614 1455 707 1518 sicut
738 1454 918 1531 asseritur,
948 1453 1090 1534 squalor
1119 1453 1266 1518 carceris
1297 1453 1371 1516 vio-

426 1553 542 1618 lentus
577 1553 742 1630 extinxit,
784 1572 826 1616 uc
870 1553 975 1617 etiam
1017 1553 1196 1634 occupatis
1236 1553 1371 1628 castriS,

427 1661 475 1730 et,
491 1661 595 1734 prout
617 1653 737 1728 fertur,
754 1653 982 1729 monasteriis,
998 1653 1142 1717 ‘aliisve
1155 1650 1186 1686 '⁹
1200 1652 1370 1733 religiosis

426 1753 513 1820 loeis
546 1753 822 1835 quampluribus,
853 1753 978 1816 dirutis
1011 1772 1073 1817 seu
1103 1752 1298 1828 destructis
1330 1771 1372 1815 ao

426 1851 562 1916 damnis
594 1853 760 1934 gravibus
794 1851 951 1936 ejusdcm
985 1852 1083 1934 regni
1118 1852 1371 1916 habitatoribus

426 1951 599 2033 irrogatis,
633 1953 669 2015 iu
701 1952 855 2034 ejusdem
890 1952 987 2033 regni
1018 1952 1176 2034 partibus
1207 1949 1370 2016 officiales

426 2053 541 2132 regios
565 2052 724 2133 posuisti,
751 2053 810 2133 qui
839 2052 1017 2134 praelatos,
1047 2058 1192 2116 caeteros
1217 2050 1371 2127 clericos,

426 2148 528 2214 ‘ao'³
556 2151 822 2228 ecclesiasticas,
861 2171 903 2215 ac
937 2151 1040 2216 etiam
1081 2151 1256 2215 seculares
1287 2150 1371 2214 dicti

427 2249 525 2332 regni
547 2270 713 2333 personas
730 2251 943 2315 multimodis
965 2252 1168 2333 perturbare
1192 2250 1371 2326 molestiis,

426 2357 462 2414 ct
487 2349 730 2414 afflictionibus
754 2351 861 2415 variis
884 2356 920 2413 et
944 2349 1089 2414 diversis
1113 2351 1279 2433 impetere
1303 2369 1372 2412 non

429 2456 604 2528 verentur,
630 2451 666 2513 in
696 2449 824 2515 divinae
844 2449 1039 2533 majestatis
1068 2447 1247 2527 offensam,
1277 2448 1370 2512 sedis

428 2559 626 2613 memoratae
657 2554 905 2631 contemptum,
929 2549 1036 2631 regiae
1063 2549 1185 2613 salutis
1210 2555 1246 2612 et
1270 2548 1372 2612 famae

428 2647 657 2730 dispendium,
676 2647 768 2732 juris
788 2648 964 2731 injuriam,
986 2655 1022 2712 et
1040 2668 1149 2730 grave
1170 2647 1372 2712 scandalum

429 2747 582 2811 fidelium
597 2747 890 2829 ‘plurimorum.'⁴
927 2747 1095 2828 Regulam
1107 2748 1227 2830 itaque
1237 2748 1371 2829 magni-

430 2846 601 2910 licentiam
615 2865 791 2928 rogamus,
802 2853 838 2910 et
853 2847 1032 2912 hortamur
1045 2854 1190 2923 attente,
1202 2852 1212 2882 ‘
1222 2845 1297 2912 ac'⁵
1308 2848 1370 2910 ob-

428 2965 604 3010 secramus
618 2947 654 3009 in
670 2946 798 3028 Ecqui
820 2953 874 3010 est
894 2947 1046 3010 omnium
1062 2965 1145 3012 vera
1161 2946 1268 3024 salus,
1285 2966 1372 3028 qua-

429 3053 531 3110 tenus
549 3045 695 3111 solerter
711 3046 907 3122 attendens,
925 3045 1028 3127 quod,
1047 3065 1092 3110 ex
1114 3046 1231 3111 debito
1253 3055 1371 3129 pasto·

427 3145 511 3210 ralis
529 3145 631 3211 officii
652 3148 780 3211 nostris
805 3145 957 3208 humeris
975 3147 1216 3222 incumbentis,
1231 3146 1274 3209 ad
1290 3166 1372 3210 cou-

427 3247 599 3312 sorvauda
621 3250 655 3310 ct
671 3245 897 3327 gubernanda
918 3244 1067 3309 sollicite
1088 3247 1182 3309 bona
1203 3245 1372 3329 ‘juraque

427 3347 543 3410 omnia
567 3345 723 3409 ecclesias
747 3345 957 3427 supradictae
980 3350 1148 3422 tenemur,
1170 3346 1331 3427 quodque
1345 3333 1373 3373 '⁰

426 3443 557 3508 homini
593 3445 776 3526 plusquam
813 3445 891 3509 Deo
921 3443 1055 3508 deferre
1085 3464 1154 3508 non
1187 3463 1372 3527 possumus

426 3561 489 3606 uec
538 3542 716 3618 debemus,
758 3544 945 3625 praedictos
988 3544 1182 3628 episcopos,
1229 3544 1372 3608 clericos

426 3648 461 3702 et
491 3659 659 3722 personas
693 3641 959 3718 ecclesiasticas,
991 3662 1079 3725 quos
1109 3643 1223 3709 adbuc
1255 3661 1373 3707 carcer

425 3741 542 3821 regius
565 3747 661 3805 tenet
685 3740 849 3818 inclusos,
872 3761 935 3824 pro
967 3742 1086 3807 divina
1111 3750 1147 3807 et
1169 3743 1371 3826 apostolicae

461 3975 468 4004 ¹
501 3977 679 4026 ‘discussione
706 3979 887 4040 considerans,'
944 3976 1209 4042 ⁵‘acetiam,'MSS.

423 4047 482 4096 MS.
493 4046 560 4096 cort.
572 4047 652 4108 Vesp.
944 4043 1045 4110 “jura
1056 4053 1186 4111 tenemur,
1198 4064 1257 4110 quar
1273 4049 1374 4097 omniuo

458 4115 630 4178 ²‘aliisque,'
641 4116 719 4165 MSS.
909 4117 1025 4167 ecclesiae
1059 4119 1215 4180 supradictas
1241 4119 1374 4181 debentur,

457 4181 542 4246 '‘et,'
553 4186 631 4236 MSS.
909 4187 1295 4250 quodque,'MSS.Luusd.aud
1306 4187 1374 4237 Cott.

457 4253 467 4283 ⁴
484 4255 669 4317 ‘populorum'
680 4255 757 4306 Mss,
908 4257 987 4318 Vesp.
