3144 4990
396 453 463 524 3¹78
762 466 971 520 canonicos

170 685 173 690 .
234 644 385 734 *i'ri'ialih
399 621 579 692 remando.
649 620 884 706 Quemplures
930 619 1152 691 nibilominus
1192 621 1348 702 praemis-

235 740 515 822 ffisorum
535 721 787 791 contradictus
805 727 933 795 cartas,
954 720 1145 796 libertates,
1165 727 1200 787 et
1223 721 1349 788 liberas

235 829 385 872 asanaa
398 820 666 890 consuetudines
703 821 739 887 in
776 820 881 890 cartis
922 818 1120 902 hujusmodi
1164 838 1348 886 concessas

236 880 306 918 oetion

236 929 370 1020 griffi}
398 920 516 990 venire
551 927 679 990 temere
705 918 780 1000 jam
807 925 989 993 conantur,
1015 925 1051 984 et
1076 937 1136 986 eas
1161 918 1349 999 infringere

235 1029 373 1118 giw-
398 1018 515 1101 plures
530 1025 612 1085 sunt
626 1017 748 1088 moliti.
789 1015 878 1094 Nos,
890 1018 1044 1098 ipsorum
1059 1035 1163 1085 ausus
1180 1017 1348 1084 nefandos

236 1128 328 1170 crasa
400 1118 586 1200 reprimere
609 1117 786 1199 cupientes
816 1134 858 1186 ec
883 1116 1034 1198 velatam
1057 1117 1290 1197 ignorantiam
1313 1124 1349 1184 et

400 1225 577 1300 captatam
593 1217 726 1298 fugare,
740 1215 783 1279 ad
799 1215 950 1284 omnium
962 1215 1121 1284 notitiam
1139 1215 1348 1294 deducentes

399 1317 588 1398 praemissa,
606 1333 785 1384 monemus
802 1314 838 1383 in
855 1333 980 1395 genere
1001 1333 1121 1386 omnes
1140 1321 1176 1379 et
1192 1315 1348 1394 singulos

400 1416 460 1498 qui
485 1420 607 1484 contra
631 1413 812 1495 premissa
835 1412 980 1482 iecerint
1003 1413 1039 1476 in
1068 1412 1185 1495 aliquo
1209 1415 1350 1496 quovis

400 1512 586 1590 modo,aut
598 1512 841 1582 contradictus
853 1520 980 1589 cartes,
992 1511 1048 1582 rel
1061 1513 1345 1590 eammalteram,

399 1618 535 1682 statuta
573 1610 741 1682 ediderint
774 1610 832 1680 vel
873 1611 968 1680 edita
1006 1613 1234 1689 servaverint,
1265 1631 1347 1678 con-

400 1710 600 1780 suetudines
631 1708 887 1780 introduxerint
913 1710 970 1776 vel
997 1710 1213 1809 servayerint
1234 1711 1348 1780 ,intra

401 1809 536 1886 ductus,
554 1809 740 1891 scriptores
754 1808 857 1878 etiam
879 1815 1088 1878 statutorum
1103 1827 1244 1876 ,necnon
1267 1829 1348 1874 eon.

401 1909 552 2000 siiiarios
589 1916 625 1975 et
661 1915 878 1984 executores,
907 1914 943 1973 et
982 1909 1043 1989 qui
1077 1892 1265 1976 secuudum
1305 1929 1348 1974 ea

400 2006 684 2090 praesumpserint
693 2006 863 2090 judicare,
875 2006 968 2089 quod
981 2007 1096 2073 debite
1111 2026 1150 2074 se
1160 2009 1347 2088 corrigant,

402 2113 437 2176 et
470 2106 721 2176 ordinariorum
753 2104 896 2172 arbitrio
925 2106 1026 2194 plene
1056 2106 1273 2174 satisfaciant
1304 2107 1348 2172 de

401 2207 592 2276 commissis
629 2207 720 2273 intra
768 2204 963 2286 quindecim
1011 2205 1085 2272 dies
1128 2225 1151 2272 a
1190 2213 1346 2288 tempore

401 2306 600 2374 monitionis
630 2312 759 2374 nostrae
784 2304 947 2371 continue
977 2305 1227 2385 numerandos;
1260 2325 1348 2388 quos

402 2423 471 2474 non
493 2411 663 2486 parentes,
679 2410 809 2471 extunc
834 2403 870 2472 in
889 2403 1017 2472 dictant
1043 2403 1186 2486 majoris
1207 2424 1347 2470 excom„

400 2502 641 2572 manicationis
656 2503 875 2577 sententiam,
888 2522 950 2584 per
964 2502 1203 2572 Innocentium
1219 2524 1346 2586 papam

400 2608 562 2684 quonum
598 2620 644 2664 ex
681 2607 777 2671 certa
815 2600 962 2670 edentia
999 2602 1251 2680 confirmatam,
1285 2605 1347 2670 da

399 2700 603 2770 nunciamus
619 2699 757 2781 publice
772 2707 807 2770 et
822 2699 1022 2772 solemniter
1036 2701 1208 2770 incidisse.
1258 2702 1347 2768 Item

399 2817 517 2870 ornnes
550 2806 586 2870 et
619 2797 775 2880 singulos
804 2798 865 2880 qui
896 2799 940 2868 de
968 2801 1141 2877 domibus,
1174 2803 1348 2880 maneriis,

398 2898 564 2980 grangiis,
591 2904 653 2968 aut
678 2897 763 2968 locis
781 2897 870 2972 aliis,
889 2898 934 2966 ed
958 2898 1248 2982 archiepiscopos,
1277 2903 1347 2983 epi,

399 3015 535 3078 scopos,
567 2996 623 3062 vel
662 2997 751 3068 alias
786 3016 953 3078 personne
986 2997 1238 3068 ecclesiasticas
1267 3020 1345 3081 perp

398 3097 599 3174 tinentibus,
615 3096 799 3180 quicquam
814 3104 941 3177 praeter
956 3097 1172 3168 uoluntatem
1190 3099 1347 3164 minino,

399 3215 475 3262 rum
514 3195 571 3260 vel
609 3214 728 3266 eorum
763 3195 824 3277 qni
861 3203 946 3261 sunt
994 3195 1191 3280 hujusmodi
1230 3218 1345 3264 rerum

399 3295 559 3364 custodes
585 3293 742 3384 deputati
764 3294 975 3373 abstrahere,
991 3314 1127 3378 capere,
1143 3316 1345 3364 mnsamero

398 3395 455 3464 vel
487 3401 702 3464 contrectare
731 3395 1025 3476 praesumpserint,
1054 3395 1146 3476 capi,
1178 3396 1347 3474 consumi,

361 3521 366 3532 ¹
399 3501 459 3562 seir
488 3492 696 3564 contrectari
721 3491 949 3570 iecerintsel
966 3493 1167 3576 ⁴hujusmodi
1190 3497 1346 3562 abstrac-

399 3592 541 3668 tionem,
558 3592 766 3672 captionem,
789 3593 1096 3674 consumptionem,
1120 3613 1187 3662 suo
1208 3597 1348 3662 nomine

398 3689 455 3755 vel
476 3709 496 3752 a
519 3689 744 3761 familiaribus
765 3691 837 3762 suls
858 3690 997 3769 factam,
1019 3699 1132 3760 return
1151 3693 1347 3778 habuerint,

398 3788 643 3860 ecclesiastice
664 3789 835 3861 libertatis
860 3797 895 3860 et
916 3791 1143 3862 immunitatis
1158 3793 1346 3860 violamres

398 3889 562 3966 existere,
586 3895 622 3957 et
647 3888 1012 3960 esmmmumoaticnis
1040 3891 1182 3975 majoris
1208 3901 1347 3960 sentem

398 3989 483 4060 tiam
517 3995 639 4060 cont-re
668 3988 858 4060 violatores
887 3988 1087 4064 libertatum
1118 3991 1281 4085 secusia·
1307 3994 1344 4058 in

398 4087 554 4152 Concilio
579 4088 771 4152 Oxooiensi
802 4087 922 4166 latam,
948 4090 1025 4172 ipso
1051 4089 1145 4153 facto
1171 4091 1347 4164 incurrere

396 4187 643 4252 denunciamus
689 4187 826 4272 publice
878 4196 914 4253 et
960 4189 1162 4260 solemniter
1205 4192 1240 4254 in
1279 4190 1345 4258 hiis

1555 3551 1565 3582 i
