3166 4992
424 491 491 556 214
792 500 1003 551 onaouroou

282 670 400 724 menri.
426 665 533 728 sionis
564 661 776 740 Dominioae;
806 661 968 742 factoque
1000 660 1095 724 brevi
1129 663 1286 724 sermone
1313 657 1375 742 per

267 733 409 857 „Tum
426 763 573 830 eundem
589 764 802 845 episcopum,
818 760 918 843 cujus
934 767 1009 823 erat
1026 759 1154 836 thema,
1169 765 1192 794 “
1205 759 1371 824 Visitatio

267 867 409 966 {affl
427 872 489 928 tua
527 862 716 928 custodivit
753 862 911 944 spirltum
950 857 1125 935 meum,''²
1158 867 1373 926 recesserunt

269 967 374 1058 {m
422 963 513 1048 jussi
535 963 676 1046 quidam
699 961 885 1037 seculares,
902 959 963 1024 sed
982 967 1218 1024 remanserunt
1234 979 1313 1023 cnm
1330 979 1372 1025 eo

426 1063 681 1146 quamplurimi.
733 1059 900 1125 Habebat
922 1059 1012 1122 cuim
1035 1077 1150 1122 secum
1172 1061 1371 1142 episcopum

427 1163 451 1227 J
455 1163 617 1239 ubileum,
632 1162 692 1244 qui
713 1163 758 1223 ab
780 1161 857 1243 ejus
879 1159 1079 1242 episcopatu
1100 1178 1162 1241 per
1183 1159 1373 1224 Saracenos

428 1262 596 1344 expulsus
611 1261 811 1325 morabatur
825 1277 903 1323 cum
916 1277 958 1322 eo
977 1279 1056 1323 cum
1073 1259 1280 1341 equitaturis
1296 1279 1372 1337 sex,

428 1381 547 1425 curam
580 1359 836 1442 spiritualitatis
867 1357 908 1422 in'
933 1367 1032 1440 parte
1060 1377 1180 1440 agens,
1207 1379 1249 1423 eo
1278 1359 1372 1442 quod

428 1461 586 1524 dominus
615 1460 797 1543 episcopus
826 1477 895 1522 non
929 1458 1119 1522 celebraret
1144 1458 1281 1523 ordines
1306 1459 1373 1522 nisi

428 1560 517 1626 forte
538 1560 725 1638 loricatus;
759 1564 997 1622 remanserunt
1019 1558 1123 1622 etiam
1146 1577 1225 1626 oum
1246 1577 1288 1622 co
1309 1558 1374 1622 mi·

428 1659 506 1726 lites
546 1667 581 1723 et
609 1659 726 1724 clerici
756 1658 939 1722 numerosi.
997 1657 1101 1737 Quod
1140 1658 1260 1722 videns
1299 1658 1374 1741 ipse

428 1761 534 1840 prior,
550 1759 599 1823 ait
611 1759 795 1841 episcopo:
820 1757 936 1821 “Non
950 1757 1123 1840 displiciat
1138 1758 1249 1836 vobis,
1262 1765 1372 1841 pater,

429 1860 513 1941 quia
536 1877 615 1922 cum
636 1859 803 1922 instantia
827 1864 951 1939 rogant
976 1855 1102 1921 iratres
1126 1877 1257 1935 omnes
1280 1859 1373 1940 quod

429 1978 523 2022 more
548 1957 840 2041 praedecessorum
858 1964 1052 2021 vestrorum
1074 1958 1294 2040 antiquorum
1310 1977 1372 2040 pa-

430 2065 522 2121 trum
552 2058 787 2140 episcoporum
824 2055 1110 2121 Dunolmensium
1139 2057 1375 2140 procedentes,

430 2158 567 2239 placeat
597 2158 694 2222 vobis
734 2157 869 2238 aliquos
908 2175 952 2221 ex
996 2156 1173 2232 fratribus,
1207 2165 1373 2240 tanquam

430 2258 598 2339 speciales
624 2257 811 2333 ministros,
836 2255 1017 2320 admittere
1048 2256 1092 2320 ad
1119 2255 1265 2321 officium
1292 2257 1375 2321 visi-

430 2357 572 2420 tationis
605 2363 731 2420 vcstrae
765 2355 1008 2420 exercendum.
1061 2356 1144 2422 Non
1174 2357 1265 2420 enim
1297 2375 1376 2421 con·

433 2454 532 2519 decet
570 2474 634 2519 nec
668 2455 822 2537 expedit,
854 2456 923 2520 imo
952 2455 1056 2520 etiam
1093 2455 1376 2539 praejudicaretur

434 2555 532 2617 nobis
543 2562 579 2618 et
593 2554 783 2637 privilegiis
796 2556 934 2629 nostris
951 2555 985 2618 si,
996 2561 1006 2591 ‘
1016 2555 1102 2620 tot'²
1116 2555 1230 2620 clerici
1246 2564 1281 2621 et
1295 2556 1375 2620 laici

432 2659 650 2717 remanentes
665 2661 780 2718 essent
791 2662 1001 2719 scrutatores
1017 2656 1266 2737 singulorum.''
1311 2655 1377 2720 Cui

433 2753 639 2834 episcopus:
664 2752 799 2830 “Sede,
822 2754 927 2837 prior,
957 2762 992 2820 et
1015 2774 1078 2837 pro
1104 2763 1200 2820 certo
1224 2755 1379 2838 intellige

433 2852 526 2935 quod
552 2872 670 2916 omnes
695 2853 781 2917 istos
808 2854 867 2935 qui
895 2853 938 2917 de
966 2854 1109 2918 consilio
1139 2863 1258 2919 nostro
1285 2865 1379 2933 sunt,

434 2953 613 3019 uobiscum
627 2952 754 3027 habere
772 2953 931 3018 volumus
943 2955 980 3017 in
997 2956 1192 3036 praesenti.''
1229 2954 1377 3036 Addux-

433 3059 509 3116 erat
527 3053 615 3116 enim
638 3072 755 3116 secum
772 3053 976 3134 magistrum
992 3053 1016 3117 J
1018 3053 1186 3118 ohannem
1204 3054 1246 3117 de
1265 3054 1379 3132 Lusci,

434 3159 470 3215 ot
493 3152 697 3234 magistrum
721 3152 954 3233 Reginaldnm
971 3152 1014 3216 de
1040 3153 1208 3218 Braodun
1228 3154 1380 3219 famosos

434 3251 635 3329 advocatos,
658 3260 693 3316 et
719 3251 886 3333 quosdam
915 3252 1002 3316 alios
1028 3254 1235 3332 nominatos,
1255 3255 1377 3319 volens

434 3357 469 3413 et
490 3351 674 3433 disponens
692 3352 863 3415 mirabilia
879 3351 1011 3427 iacere3
1035 3353 1284 3436 propterquod
1304 3374 1377 3420 mo·

433 3449 548 3526 nachi,
580 3452 766 3517 sentientes
798 3469 836 3514 se
865 3451 915 3515 sic
945 3453 981 3516 in
1019 3453 1213 3533 primordiis
1249 3453 1377 3537 injuste

433 3549 659 3628 praegravari,
690 3549 781 3616 lecto
817 3552 1068 3632 procuratorio,
1102 3554 1220 3616 statim
1260 3551 1380 3636 appel-

434 3644 550 3710 larunt
565 3648 609 3711 ad
633 3650 772 3712 curiam·
786 3649 951 3726 Eborum,
967 3658 1003 3714 et
1021 3651 1065 3717 ad
1089 3653 1269 3717 tuitionem
1287 3652 1378 3716 sedis

434 3744 599 3828 ejusdem,
626 3756 661 3813 et
691 3749 726 3812 in
761 3749 1036 3832 supplementum
1067 3751 1217 3834 justitiae
1248 3752 1379 3816 curiam

435 3844 650 3922 Romanam
676 3855 709 3912 ct
723 3849 773 3912 sic
786 3849 1019 3932 appellatione
1032 3850 1155 3914 muniti
1167 3859 1382 3916 recesserunt

433 3951 574 4012 omnesi
598 3949 831 4031 remansitque
840 3949 935 4012 solus
947 3951 1130 4031 episcopus
1144 3970 1222 4015 cum
1238 3952 1381 4015 consilio

470 4135 478 4166 ¹
494 4139 557 4202 Job,
567 4153 594 4189 x.
608 4143 647 4189 la.
920 4140 968 4189 tis'
979 4141 1022 4191 tho
1040 4143 1140 4203 portion
1162 4142 1192 4191 ol'
1209 4143 1252 4191 the
1269 4144 1339 4204 reign
1358 4144 1388 4192 oi

921 4211 1034 4260 Edward
1054 4212 1078 4262 1.
1097 4212 1122 4260 in
1143 4212 1199 4262 MS.
1217 4213 1283 4262 Gott.
1302 4213 1382 4274 vesp.

467 4272 477 4301 ²
495 4275 564 4325 With
581 4277 624 4325 the
641 4279 726 4327 words
741 4280 792 4328 ‘tot
802 4279 892 4328 habea·
919 4283 1073 4332 terminatas.
