3144 4990
397 455 463 520 394
765 468 976 516 cneorucou

236 647 327 688 mma
341 647 384 688 ιιι.
393 629 519 712 judex,
536 645 646 692 verax
661 627 771 703 Deus,
787 628 934 710 benigue
955 625 1116 710 respiciet
1132 646 1248 692 causae
1269 649 1357 693 nos-

236 698 376 830 rtem:
397 737 461 793 trae
484 728 665 793 veritatem
687 735 722 791 et
740 727 925 810 justitiam,
943 733 978 790 et
999 726 1192 792 humiliabit
1216 729 1353 792 calum-

235 831 373 871 ΜΝ
397 828 578 903 uiatorem,
601 826 707 890 etsie
729 828 794 889 sub
816 824 1045 889 miserationis
1062 825 1189 892 divinae
1210 828 1353 904 fiducia,

234 881 354 1020 30:3⁸3}ss
397 946 468 991 rem
501 925 742 1008 aggredientes
774 924 929 1001 arduam,
960 926 1161 1006 passagium
1190 935 1351 990 nostrum

237 981 353 1070 admit
399 1043 521 1091 versus
541 1032 659 1108 partes
677 1023 850 1087 Flandriae
875 1024 1109 1087 ordinavimus
1138 1024 1289 1088 validum
1314 1034 1351 1090 et

397 1125 572 1201 festinum,
616 1132 653 1188 et
695 1123 801 1186 alium
843 1123 1033 1186 exercitum
1073 1139 1193 1186 versus
1229 1134 1348 1206 partes

399 1223 526 1288 Scotiee
553 1223 716 1286 duximus
739 1221 1051 1297 transmittendum,
1066 1229 1106 1285 ut
1131 1222 1181 1286 sic
1203 1241 1266 1304 per
1281 1225 1348 1288 Dei

398 1324 547 1403 gratiam
575 1321 791 1386 comminatis
811 1321 910 1386 nobis
931 1339 1152 1384 occurramus
1174 1323 1346 1404 periculis,

398 1428 434 1484 et
464 1421 622 1485 fidelibus
654 1419 781 1482 nostris
811 1428 893 1500 post
921 1438 1095 1500 magnam,
1117 1439 1222 1501 qnam
1253 1423 1369 1503 passi,

397 1527 490 1595 sunt,
505 1518 776 1600 inquietudinem
797 1519 922 1600 quietis
943 1518 1231 1600 pulchritudinem
1260 1539 1346 1602 prce·

397 1637 570 1700 paremus.
623 1617 710 1680 Cum
736 1636 820 1698 ergo
844 1617 1026 1681 constituti
1050 1619 1126 1681 sitis
1151 1638 1214 1700 pro
1238 1618 1348 1682 homi-

399 1718 499 1780 nibus
528 1736 550 1780 a
573 1716 722 1780 Domino
750 1722 790 1779 nt
824 1715 974 1780 offeratis
1004 1716 1095 1780 dona
1118 1723 1153 1780 et
1168 1718 1348 1783 sacrificia

397 1835 462 1899 pro
484 1816 648 1897 peccatis,
668 1814 849 1891 attendite,
865 1833 1075 1896 qnaesumns,
1091 1817 1269 1896 praediota,
1285 1837 1346 1882 ne-

396 1915 480 1978 dum
494 1922 613 1978 nostra
633 1913 694 1978 sed
709 1914 848 1996 publiea
862 1914 1025 1995 pericula,
1042 1934 1162 1997 preces
1178 1935 1242 1998 pro
1255 1916 1345 1980 felici

398 2033 585 2096 progressu
604 2021 721 2076 nostro
738 2013 919 2076 fundentes
936 2011 1129 2090 Altissimo,
1144 2016 1346 2097 supplentes

398 2113 493 2176 vines
520 2113 649 2194 Moysi,
675 2120 715 2176 ut
744 2131 806 2175 nos
832 2118 868 2175 et
892 2113 1003 2178 nostri
1028 2113 1199 2194 possimus
1226 2113 1346 2178 adver·

398 2212 500 2275 soriis
514 2213 550 2275 in
566 2218 758 2275 vestrarum
777 2211 949 2274 erectione
966 2230 1129 2274 manuum
1143 2213 1345 2295 praevalere,

398 2317 435 2374 et
451 2317 490 2374 ot
504 2317 728 2392 augmentum
742 2310 864 2390 gratioe
875 2310 973 2372 nobis
989 2310 1225 2392 multiplicatis
1238 2313 1346 2376 inter·

398 2410 591 2473 cessoribus
608 2409 789 2488 largiatur,
807 2409 942 2471 faciatis
958 2428 1021 2491 per
1037 2417 1172 2474 vestras
1186 2411 1346 2476 civitates

398 2516 434 2572 et
451 2508 616 2571 dioeceses
631 2526 694 2588 pro
714 2507 815 2570 nobis
834 2507 960 2570 missas
979 2507 1156 2586 celebrari,
1181 2511 1349 2592 pradica-

398 2607 510 2670 tiones
538 2614 573 2669 et
602 2606 839 2686 processiones
865 2605 950 2682 fieri,
976 2613 1013 2670 et
1038 2606 1109 2670 ulia
1137 2610 1203 2690 piae
1228 2610 1346 2691 placa·

399 2705 504 2768 tionis
535 2703 647 2768 officia
684 2704 948 2768 misericorditer
983 2707 1147 2784 exerceri,
1179 2715 1218 2770 nt
1250 2709 1347 2772 Dens

400 2802 707 2868 misericordiarum
734 2821 924 2885 supernos
950 2811 986 2868 et
1009 2806 1184 2870 exercitus
1208 2814 1346 2872 nostros

400 2921 538 2966 manum
575 2922 647 2967 suae
685 2902 935 2968 benedictionis
972 2905 1149 2980 extendat,
1173 2913 1211 2969 et
1246 2914 1346 2970 act-us

399 3009 538 3066 nostros
569 3001 605 3066 in
636 3002 853 3084 beneplacito
879 3021 942 3066 sno
970 3003 1021 3066 sic
1044 3004 1184 3086 dirigat,
1214 3012 1254 3069 ut
1281 3007 1346 3070 sibi

296 3155 297 3160 ,
400 3101 526 3166 cedant
542 3102 585 3165 ad
601 3102 750 3177 laudem,
767 3103 866 3165 nobis
881 3101 926 3164 ad
943 3103 1115 3178 meritum,
1130 3109 1166 3166 et
1178 3103 1346 3186 subjectis

400 3201 499 3264 nobis
521 3201 679 3265 fidelibus
697 3201 917 3264 'commodum
938 3209 974 3264 et
1001 3202 1162 3282 quietem.
1214 3203 1346 3266 Datum

262 3325 289 3353 on
304 3324 337 3362 ι,
400 3301 517 3381 ‘apud
541 3300 677 3363 Turrim
705 3307 859 3364 nostram
888 3299 1077 3364 Londoniee
1102 3303 1247 3366 x11.dle
1273 3301 1348 3367 Au-

290 3390 296 3405 '
330 3389 337 3405 ’
400 3397 538 3480 gueti,'¹
568 3417 659 3463 anno
690 3399 790 3480 regni
826 3399 937 3462 nostri
958 3397 1098 3480 Angliae
1130 3402 1346 3484 xv1.,regni

400 3517 483 3562 vero
501 3499 610 3560 nostri
629 3497 787 3560 Franoiee
804 3498 882 3562 111.’'

398 3707 561 3772 &occatio
577 3708 806 3774 Sententiarum
821 3719 849 3775 et
872 3711 1041 3778 Poenarum
1055 3731 1132 3798 quus
1148 3711 1348 3786 incurrerunt

455 3805 600 3884 Praelati,
616 3807 672 3892 qui
690 3807 850 3872 dadolenae
866 3809 912 3872 od
925 3809 1042 3873 Studio
1056 3830 1117 3874 non
1131 3811 1291 3875 adserunt.

448 3957 643 4022 “Clemens
659 3959 841 4041 episcopus
866 3975 987 4024 servus
1003 3978 1182 4025 servornm
1200 3962 1281 4039 Dei,
1303 3961 1345 4025 ad

396 4065 597 4138 perpetuam
613 4059 663 4121 rei
680 4059 890 4122 memoriam
936 4057 1170 4127 Sacrosancta
1185 4060 1347 4129 Romana

637 4213 644 4244 ¹
663 4218 788 4279 snpplied
800 4217 865 4268 rme
879 4215 937 4267 rus,
951 4218 1026 4268 Harl.
1039 4223 1097 4270 ese.
1170 4261 1187 4272 .,
