3178 4992
383 465 448 530 116
752 476 964 529 canonicor

234 653 325 701 mnam
339 655 358 695 1·
386 638 485 704 Nulli
501 657 584 719 ergo
602 637 740 702 omnino
755 636 931 700 hominum
947 636 1052 701 liceat
1068 636 1158 700 hanc
1171 635 1336 718 paginam

220 704 511 803 Q-nostrae
532 737 802 814 constitutionis,
824 736 1065 819 prohibitionis
1087 755 1150 800 seu
1172 736 1337 818 praecepti

384 839 583 921 infringere,
598 837 654 903 vel
672 838 703 901 ei
719 856 807 900 ausu
826 836 1010 900 temerario
1026 836 1208 900 contraire.
1262 837 1335 899 Da-

221 955 315 996 reum.
385 947 458 1002 tum
479 938 603 1002 Romae
626 937 720 1020 apud
740 936 907 1000 Sanctum
929 935 1074 1000 Petrum
1095 943 1198 1000 sexto
1214 933 1336 998 kalen·

384 1038 505 1102 darum
523 1037 656 1115 Martii,
672 1035 897 1120 pontificatus
915 1036 1024 1100 nostri
1039 1056 1130 1100 anno
1146 1035 1308 1102 secundo.

422 1259 575 1341 Quomodo
589 1261 657 1324 Rea
670 1259 796 1346 Aequa
802 1260 910 1346 posuit
925 1259 1049 1324 Clarum
1061 1268 1152 1325 cotra
1166 1259 1294 1324 Protec-

748 1360 858 1424 io'ooem
872 1380 973 1425 mom.
1068 1411 1069 1416 η

221 1553 332 1604 samua,
435 1531 479 1595 In
492 1531 644 1596 crastino
659 1531 863 1598 Animarum
877 1531 1032 1617 ejusdem
1048 1532 1128 1596 anni
1143 1531 1256 1596 tenuit
1270 1550 1333 1595 rex

221 1605 346 1704 {siddim
383 1632 649 1714 parliamentum
679 1651 780 1696 suum
802 1632 894 1714 apud
918 1631 1083 1696 Sanctum
1102 1631 1332 1706 Edmundum,

221 1705 330 1816 {ifd't‘d‘ss
384 1732 454 1808 ubi,
473 1730 516 1795 ad
533 1739 692 1813 rogatum
706 1732 826 1814 ipsiuS,
843 1750 1027 1796 concessus
1044 1739 1098 1796 est
1114 1731 1334 1795 duodecimus

223 1806 283 1855 ‘¹¹¹⁸
291 1816 319 1845 ⁸¹¹
328 1805 372 1844 Μ’
384 1831 546 1895 denarius
558 1850 579 1894 a
590 1832 731 1914 populo,
746 1838 892 1895 octavus
904 1851 926 1896 a
939 1832 1137 1897 civitatibus
1153 1837 1188 1896 et
1203 1832 1335 1912 burgis,

385 1952 406 1995 a
423 1932 516 1995 clero
537 1931 689 2013 quintus.
734 1930 955 2014 Responsum
978 1939 1043 2008 est,
1066 1932 1159 2016 quod
1181 1951 1244 1995 nec
1268 1931 1334 2013 ipsi

384 2031 468 2095 dare
492 2030 548 2095 vel
571 2031 769 2106 concedere,
785 2050 848 2095 nec
871 2032 945 2114 ipse
968 2033 1153 2113 quicquam
1178 2031 1334 2113 accipere

384 2137 514 2214 posset,
530 2130 597 2194 nisi
611 2138 757 2212 uterque
777 2150 894 2195 eorum
913 2132 1119 2196 sententiam
1135 2151 1333 2196 excommu-

384 2231 566 2295 nicationis
582 2231 772 2294 incurreret
785 2231 821 2293 in
839 2231 935 2295 bulla
947 2230 1080 2322 'latam3
1109 2231 1201 2315 quod
1219 2239 1334 2295 tamen

385 2350 502 2412 regem
532 2328 622 2394 velle
653 2350 723 2393 non
754 2331 952 2409 credebant,
981 2350 1045 2395 nec
1073 2332 1139 2395 sibi
1171 2331 1334 2413 expedire

384 2431 552 2493 sciebant.
605 2428 674 2493 Sed
696 2449 765 2493 non
788 2429 919 2513 placuit
941 2432 1016 2512 regi
1035 2451 1236 2513 responsum
1259 2431 1333 2510 hoc,

385 2528 475 2592 unde
492 2527 664 2612 adjomati
681 2529 821 2594 suntad
846 2531 938 2594 aliud
962 2531 1226 2613 parliamentum
1243 2531 1334 2595 Lon·

221 2652 351 2693 munau.
385 2628 499 2695 doniis
518 2628 554 2691 in
574 2630 728 2693 crastino
743 2628 863 2694 Sancti
884 2630 1024 2707 Hilarii,
1039 2638 1079 2695 ut
1099 2631 1237 2695 interim
1254 2651 1333 2695 cum

222 2720 324 2810 &¹52⁹
385 2728 631 2799 deliberatione
648 2729 797 2793 consulti
813 2729 934 2794 melius
951 2731 1208 2812 responderent.
1259 2730 1333 2794 Ad-

388 2827 546 2893 veniente
562 2828 701 2893 tandem
719 2829 786 2905 die,
803 2839 839 2893 et
854 2829 981 2894 ibidem
998 2831 1089 2894 clero
1107 2840 1334 2913 congregato,

386 2928 647 2992 Cantuariensis
661 2928 958 3012 archiepiscopus,
976 2931 1141 3012 magister
1158 2932 1334 2996 Robertus

385 3027 428 3090 de
447 3027 670 3110 Wynchelse,
694 3029 947 3093 communicato
972 3030 1118 3094 consilio
1142 3031 1208 3095 hiis
1230 3031 1333 3115 quia

383 3127 472 3192 facie
505 3133 515 3164 ‘
527 3126 658 3211 regis'1
696 3130 933 3206 mittebantur,
972 3130 1151 3212 respondit
1187 3131 1222 3194 in
1259 3131 1333 3196 haec

382 3230 509 3292 verba:
535 3227 663 3292 “Satis
690 3230 788 3293 vobis
812 3235 963 3306 constat,
991 3230 1120 3294 domini
1147 3231 1227 3309 mci,
1249 3235 1333 3296 ‘nec

383 3325 492 3391 latere
514 3325 671 3409 potest,'²
693 3329 786 3410 quod
809 3329 874 3392 suh
894 3329 1122 3411 omnipotenti
1146 3330 1224 3394 Deo
1247 3331 1334 3395 duos

382 3427 488 3490 etiam
515 3426 671 3492 dominos
701 3427 877 3504 habemus
902 3428 1116 3510 spiritualem
1145 3429 1277 3495 scilicet
1299 3438 1335 3495 et

383 3524 628 3606 temporalem
656 3527 869 3608 spiritualem
891 3547 973 3594 vero
998 3529 1172 3593 dominum
1196 3549 1333 3612 papam,

383 3631 418 3687 et
444 3624 681 3705 ,temporalem
718 3626 895 3690 dominum
926 3635 1082 3692 nostrum
1118 3647 1256 3711 regem3
1298 3637 1333 3694 et

382 3724 541 3804 quamvis
555 3725 692 3808 utrique
709 3726 939 3790 obedientiam
956 3729 1151 3808 debeamus,
1167 3728 1334 3812 majorem

382 3829 500 3887 tamen
532 3824 713 3906 temporali
747 3845 852 3907 quam
882 3826 1081 3909 spirituali.³
1120 3813 1264 3895 ¹Verum
1295 3840 1335 3893 ut

382 3923 519 4006 placere
539 3925 710 4007 possimus
731 3925 882 4008 utrique,
902 3928 1121 4006 concedimus
1143 3936 1179 3993 et
1201 3930 1337 3993 mittere

418 4115 425 4144 ¹
444 4116 536 4180 ‘ejus,'
549 4117 606 4167 MS.
619 4117 687 4168 Cott.
697 4118 756 4170 Tib.
866 4121 949 4181 jorem
957 4124 1042 4170 tamen
1049 4123 1179 4183 spirituali
1188 4139 1265 4186 quam
1274 4128 1337 4173 tem-

418 4179 641 4248 ²Suppliedfrom
650 4189 708 4238 MS.
718 4189 845 4239 OottTib.
870 4191 970 4253 pomli,'
992 4191 1078 4242 which
1100 4194 1124 4242 is
1142 4195 1270 4255 evidently
1294 4194 1337 4243 the

419 4245 584 4318 ³Knyghton
611 4257 672 4307 here
700 4259 747 4308 has
775 4263 845 4308 ‘ma·
869 4264 927 4309 true
938 4262 1054 4324 reading.
