3166 4992
422 475 592 524 warmunt
618 475 665 522 on
687 475 970 525 unurscuoacrr.
1107 461 1173 525 235

333 730 400 794 Rae
416 749 529 794 aonam
544 729 654 816 Lapara
661 729 743 816 chit
758 727 795 794 de
813 727 1058 816 rapturas}

1200 757 1292 798 Edward
1301 760 1320 799 1.

1197 804 1257 847 Μ).
1269 811 1325 848 laos.

270 928 404 992 Eodem
441 946 533 991 anno
566 927 725 993 dominus
754 947 818 993 rex
851 929 980 1012 inquiri
1012 928 1096 996 fecit
1128 930 1171 994 de
1184 957 1272 996 wera

219 1027 500 1092 malefactoribus
528 1046 589 1109 per
612 1028 728 1104 breve,
751 1028 788 1091 in
814 1028 926 1093 forma
952 1048 1031 1111 quae
1057 1007 1213 1111 sequi·Tr

220 1125 314 1192 turz²
332 1133 354 1161 ‘⁴
363 1126 444 1190 Rex
453 1125 588 1191 dilectis
596 1132 633 1190 ct
641 1127 799 1191 fidelibus
809 1127 894 1206 suis,
905 1127 1057 1192 Radulfo
1069 1129 1172 1194 Filio·

221 1226 388 1291 Willelmi
403 1233 437 1290 et
455 1225 478 1288 J
481 1226 609 1290 obanni
625 1226 668 1290 de
684 1226 837 1290 Bartone
852 1227 895 1290 de
919 1227 1061 1304 Ritone‚
1078 1229 1173 1292 salu-

221 1333 302 1390 tem.
366 1325 462 1404 Quia
487 1325 710 1408 quamplures
741 1326 982 1391 malefactores
1013 1334 1048 1391 et
1073 1329 1170 1408 pacis

221 1433 349 1489 nostrae
375 1426 647 1507 perturbatores,
664 1424 860 1501 homicidia,
885 1425 1171 1507 depraedationes,

220 1525 379 1589 incendia
424 1532 461 1588 et
499 1525 570 1589 alia
605 1524 733 1588 demna
777 1524 1030 1606 quamplurima
1070 1533 1172 1590 nocte

221 1625 345 1706 dieque
362 1631 614 1706 perpetrantes,
633 1631 805 1705 vagantur
816 1624 850 1687 in
863 1623 991 1700 boscis,
1005 1623 1119 1705 parois
1136 1635 1172 1688 et

221 1724 300 1789 aliis
327 1724 414 1787 loeis
442 1723 599 1798 diversis,
631 1729 702 1785 tarn
735 1722 825 1786 infra
855 1723 1034 1787 libertates
1066 1741 1170 1805 quam

222 1830 334 1901 extra,
351 1822 387 1884 in
406 1821 573 1886 comitatu
596 1821 762 1900 Eburum,
785 1831 821 1885 et
840 1822 967 1885 ibidem
991 1829 1171 1904 receptan-

219 1929 290 1999 -tur,
320 1923 357 1984 in
381 1921 571 1986 maximum
597 1910 786 2003 periculum
815 1928 886 1984 tam
910 1920 1086 1984 hominum
1111 1941 1173 2002 per

223 2028 340 2104 partes
366 2019 446 2084 illas
469 2020 724 2084 transeuntium
748 2039 852 2102 quam
872 2020 998 2083 ibidem
1023 2039 1171 2084 commo·

136 2194 144 2206 ‚
222 2121 384 2197 rantium,
406 2119 442 2182 in
460 2120 571 2183 nostri
593 2125 828 2200 contemptum
856 2137 897 2183 ac
921 2119 1018 2201 pacis
1039 2129 1169 2201 nostrae

220 2219 395 2282 laesionem
409 2217 639 2296 manifestam,
654 2225 694 2281 ut
708 2219 925 2301 accepimus;
948 2237 1009 2300 per
1024 2237 1170 2299 quorum

221 2319 394 2382 incursum
435 2324 599 2400 poterunt
630 2317 751 2400 pejora
790 2317 962 2398 prioribus
998 2317 1040 2380 de
1077 2318 1170 2382 facili

220 2417 372 2493 evenire,
387 2417 454 2480 nisi
475 2416 662 2480 remedium
684 2435 789 2498 super
811 2415 876 2480 hoc
891 2416 993 2480 citius
1012 2435 1169 2499 appona-

222 2523 289 2580 tur.
329 2515 419 2593 Nos,
435 2536 554 2580 eorum
571 2515 712 2581 malitiae
729 2516 765 2578 in
782 2515 846 2578 hac
862 2521 960 2597 parte
978 2515 1118 2580 obviare
1135 2526 1171 2580 et

223 2615 418 2699 hujusmodi
448 2615 584 2678 damnis
619 2624 654 2678 et
684 2614 845 2696 periculis
876 2633 1073 2696 praecavere
1107 2635 1168 2680 vo·

219 2714 344 2791 lentes,
365 2715 619 2796 assignavimus
639 2733 700 2778 vos
720 2714 764 2778 ad
779 2714 1021 2796 inquirendum
1038 2734 1099 2796 per
1112 2733 1169 2778 sa-

220 2821 434 2877 cramentum
450 2821 522 2878 tam
537 2814 685 2877 militum
700 2831 804 2894 quam
824 2813 969 2876 aliorum
985 2815 1170 2894 proborum

222 2919 257 2976 et
279 2913 443 2992 legalium
466 2912 641 2975 hominum
668 2912 711 2975 de
734 2911 924 2975 ‘comitatu
938 2910 970 2944 '³
992 2912 1171 2992 praedicto,

221 3018 294 3075 tam
318 3011 406 3074 infra
431 3011 609 3074 libertates
633 3029 736 3090 quam
760 3017 872 3086 extra,
899 3030 961 3091 per
982 3029 1069 3091 quos
1095 3011 1172 3092 ipsa

222 3111 352 3174 veritas
374 3110 497 3173 melius
520 3109 599 3172 sciri
622 3109 760 3191 poterit,
776 3109 835 3189 qui
857 3109 926 3172 siut
941 3108 992 3173 illi
1008 3108 1170 3174 malefac-

222 3216 326 3287 tores,
344 3217 518 3273 eteorum
535 3207 683 3272 scienter
706 3215 938 3290 receptatores
962 3214 998 3270 et
1017 3208 1067 3271 eis
1090 3228 1171 3272 con-

222 3309 423 3374 sentientes.
489 3307 534 3371 Et
564 3308 669 3371 etiam
699 3307 1009 3387 adinquirendum
1036 3308 1078 3371 de
1103 3308 1172 3371 illis

223 3409 283 3490 qui
300 3428 363 3490 pro
385 3407 583 3472 muneribus
601 3408 672 3470 suis
689 3413 831 3488 pactum
848 3426 948 3470 suum
964 3407 1119 3471 fecerunt
1136 3415 1172 3472 et

223 3508 354 3572 faciunt
372 3528 449 3572 eum
469 3506 748 3572 malefactoribus
769 3513 804 3570 et
826 3506 922 3588 pacis
944 3513 1073 3570 nostrae
1095 3526 1173 3589 per-

222 3608 469 3683 turbatoribus,
492 3613 528 3669 et
561 3625 620 3669 eos
648 3605 890 3669 conduxerunt
917 3611 952 3668 et
974 3606 1172 3670 conducunt

257 3815 263 3844 ¹
281 3817 334 3866 The
346 3818 445 3866 Stetute
465 3817 493 3866 ol
500 3815 681 3867 Trailbbtonis
708 3817 869 3877 subscriptis,
885 3816 1012 3877 videlieet,
1027 3815 1171 3864 Willelmus

220 3887 320 3948 printed
332 3887 358 3934 in
369 3887 412 3935 the
423 3883 482 3936 Rot.
494 3887 566 3936 Parl.
579 3888 597 3937 i.
609 3891 663 3935 178.
708 3886 732 3934 le
749 3887 891 3946 Vavnssur,
907 3885 1060 3946 Radulphus
1077 3885 1171 3933 Filius·

256 3952 267 3986 2
283 3956 325 4005 On
336 3955 681 4006 descenderam.
709 3955 840 4018 Willelmi,
858 3955 989 4004 Gerardus
1008 3955 1127 4014 Salveyn,
1146 3958 1172 4002 et

220 4042 253 4074 m.
265 4030 306 4087 20,
317 4025 383 4086 ced,
393 4025 435 4074 the
447 4026 505 4074 writ
521 4030 547 4074 to
561 4025 604 4079 the
615 4039 683 4074 oom-
708 4024 838 4073 Jobannes
849 4024 881 4072 de
895 4025 989 4072 Barton
997 4024 1029 4072 tle
1042 4024 1171 4086 Friton,in

221 4097 365 4145 missioners
384 4095 413 4142 of
427 4095 567 4160 Yorkshire
583 4097 606 4143 is
624 4094 683 4142 thus
709 4093 829 4142 comitatu
842 4093 981 4143 Ebornm.''

221 4166 334 4214 notieed:
359 4164 482 4214 “Eodem
505 4164 579 4213 modo
601 4164 682 4226 assig-

220 4241 311 4285 nantur
326 4235 462 4295 subscripti
478 4235 505 4282 in
522 4234 682 4282 comitatibus
744 4229 754 4260 ³
773 4231 950 4294 ‘contemptu‚’
964 4231 1018 4281 MS.
1030 4231 1124 4280 Laned.

1213 1005 1313 1047 allbiton.
