3166 4992
439 469 615 516 wnnrnur
637 471 684 518 oo
706 467 988 521 unurucuuuou.
1115 459 1181 524 247

267 722 418 802 Quomodo
433 721 581 788 notanus
595 725 681 789 Brus
687 724 771 809 feeit
786 726 976 809 reserenari
990 726 1025 790 in
1039 726 1150 810 Rapum
1205 741 1300 850 {⁶5³3}
1301 749 1326 840 ⁰1⁶.

648 825 765 888 Sentice.
1191 827 1343 864 -·-”-“·-·’
1379 854 1397 869 ·

281 995 386 1062 Anno
417 1000 557 1072 Domini
590 1017 746 1067 uccevi.
772 1001 971 1083 incipiente,
1003 1000 1288 1114 R⁰b⁹¹t¹¹⁵322030¹3

233 1097 276 1160 de
309 1099 400 1162 Brus
432 1099 632 1181 pradictus,
661 1101 717 1164 die
732 1099 1022 1165 Annunciationis
1053 1101 1174 1163 Beatee
1192 1125 1282 1174 ringor

232 1196 357 1262 Mariae
383 1199 464 1262 tecit
487 1218 524 1262 se
550 1201 707 1265 coronari
733 1201 780 1263 in,
795 1219 916 1280 regem.
937 1199 1062 1264 Scotiae
1087 1188 1178 1281 apud
1192 1175 1296 1274 {titt}

231 1295 352 1372 Scone,
381 1300 616 1380 praesentibus
641 1306 676 1363 et
706 1300 1001 1364 consentientibus
1031 1306 1182 1380 quatuor
1192 1276 1275 1366 idid·

231 1397 412 1479 episcopis,
445 1399 596 1481 quinque
626 1399 819 1476 comitibus,
845 1405 880 1462 et
904 1398 1032 1481 populo
1065 1405 1178 1462 terrae.

233 1495 334 1560 Uxor
355 1505 471 1575 autem
495 1499 629 1563 comitis
652 1498 695 1562 de
722 1498 994 1580 sonoramque
1013 1503 1087 1560 erat
1109 1496 1180 1560 filia

231 1597 367 1660 comitis
382 1597 425 1662 de
444 1598 549 1680 Fyth,
562 1599 617 1661 cui
631 1597 766 1680 dejure
782 1598 999 1662 haereditario
1015 1596 1181 1678 competit

232 1713 393 1760 coronam
418 1716 593 1779 apponere
611 1699 831 1780 capiti'novi·
851 1698 954 1778 regis
978 1697 1105 1760 furtive
1127 1715 1181 1758 re-

231 1795 375 1858 cessit’a
396 1796 535 1860 domino
557 1815 632 1872 suo,
648 1797 820 1861 adducens
842 1815 959 1860 secum
986 1795 1180 1859 dextrarios

232 1893 361 1958 domini
370 1896 424 1958 sui
434 1915 520 1977 quos
533 1894 671 1959 ‘domi'¹
685 1896 875 1973 dimiserat,
886 1895 1020 1959 utillud
1030 1893 1195 1962 officium.

232 2004 408 2059 exerceret
419 2015 432 2074 ¹;
447 2003 591 2077 propter
606 1995 698 2076 quod
716 1996 826 2058 iratus
844 1995 1005 2059 domiuus
1018 1993 1105 2076 ej'uS,
1117 1992 1178 2074 qui

230 2094 306 2174 regi
324 2093 460 2175 Angliae
477 2093 587 2158 fidelis
609 2096 786 2170 extiterat,
801 2113 879 2158 cum
902 2093 1075 2156 iu'eodem
1091 2110 1181 2158 anno

234 2201 325 2257 esset
350 2201 454 2276 capta
474 2201 509 2257 et
534 2195 638 2258 vellet
667 2213 743 2257 earn
770 2195 948 2276 perimere,
975 2191 1122 2255 inhibuit
1150 2191 1182 2254 ei

231 2311 306 2370 rex,
329 2299 364 2356 et
381 2293 488 2375 jussit
510 2313 586 2356 eam
611 2293 694 2374 poni
719 2312 827 2375 supra
851 2311 987 2356 murum
1012 2291 1118 2356 castri
1139 2290 1182 2353 de

233 2390 402 2474 Berewyk
418 2393 453 2454 in
466 2393 611 2475 tristega
626 2393 740 2473 lignea
751 2393 834 2469 fixa,
846 2400 886 2457 ut
904 2394 954 2456 sie
968 2410 990 2454 a
1000 2399 1181 2454 transeun-

232 2491 324 2554 tibus
349 2491 459 2555 videri
485 2499 603 2574 posset
633 2499 668 2555 et
694 2493 878 2574 cognosci3
909 2491 1104 2571 mansitque
1132 2489 1182 2552 sic

233 2589 353 2674 clausa
382 2591 499 2655 multis
525 2591 655 2668 diebus
683 2598 718 2655 et
745 2592 780 2676 in
804 2598 900 2672 arcta
925 2592 1033 2676 dieta,
1066 2589 1181 2653 2Duos

233 2699 348 2754 autem
371 2691 562 2772 episcopua,
582 2688 836 2772 Glas'guensem
858 2691 988 2755 scilicet
1005 2695 1040 2752 et
1062 2687 1182 2752 Sancti

232 2787 382 2854 Andreae
416 2791 453 2852 in
477 2789 607 2866 Scotia,
636 2809 716 2852 cum
739 2791 864 2854 abbate
884 2790 927 2853 de
948 2788 1073 2866 Scene,
1104 2806 1182 2850 cum

235 2896 351 2952 essent
375 2888 466 2952 infra
487 2888 633 2952 eundem
655 2908 783 2952 annum
807 2890 912 2971 capti,
939 2889 1033 2951 misit
1058 2906 1122 2950 rex
1148 2886 1184 2948 in

234 2985 399 3068 Angliam
421 2987 465 3050 ad
490 2987 626 3051 diversa
642 2994 770 3064 castra,
788 2987 1056 3066 manseruntque
1073 2985 1183 3048 clausi

233 3085 269 3147 in
287 3094 383 3150 arcto
405 3105 515 3168 usque
537 3087 581 3149 ad
606 3086 737 3149 obitum
759 3087 861 3167 regie.
912 3084 1045 3158 Audita
1065 3084 1183 3167 itaque
1196 3113 1329 3162 impin

234 3193 269 3248 et
295 3187 436 3266 cognita
459 3186 680 3250 coronatione
702 3186 783 3249 novi
808 3185 911 3267 regis,
931 3183 1098 3268 praemisit
1121 3182 1182 3246 do·
1196 3168 1336 3254 ἓὶἳᾶιζῗῖω

233 3285 347 3348 minus
362 3305 424 3348 rex
439 3283 580 3364 Angliae
595 3285 630 3347 in
645 3284 734 3349 festo
751 3281 999 3349 Pentecostes²
1015 3281 1181 3365 quosdam

235 3403 277 3457 ex
305 3384 474 3449 militibus
501 3385 573 3446 suis
602 3403 680 3447 cum·
708 3403 812 3448 manu
838 3391 984 3459 armata,
1007 3383 1183 3446 dominum

235 3484 367 3548 scilicet
383 3483 572 3547 Henricum
589 3483 632 3546 de
647 3482 772 3566 Percy,
785 3484 958 3548 dominum
969 3482 1182 3548 Almericum

187 3637 188 3642 ,
207 3653 210 3658 ,
236 3581 483 3660 deWalence,³
509 3582 732 3646 etdominum
747 3584 939 3648 Robertur'n
951 3582 1000 3645 de
1017 3579 1183 3664 clyfford,

234 3692 273 3747 ut
290 3702 381 3746 novo
398 3684 471 3764 regi
487 3683 697 3759 resisterent,
713 3692 747 3746 et
764 3688 1051 3765 persequerentur
1067 3699 1156 3744 eum.

1277 1326 1310 1364 2⁵.

270 3934 281 4042 ζ
297 3940 409 4057 ῗνῗξῗῗθᾱ
421 3941 447 3987 ῘΠ
459 3941 516 3989 MS·
529 3939 624 3987 Μὰ·
757 3967 768 3998 ³
783 3971 889 4032 Aylmer
904 3970 937 4018 de
949 3969 1071 4030 Vulsone,
1083 3966 1145 4014 Eul
1159 3965 1188 4014 of

349 4009 468 4071 rtsundey
479 4009 601 4058 occurred
612 4022 645 4056 on
655 4007 697 4056 the
723 4039 877 4090 Pembwke·

235 4081 302 4130 nand
314 4080 342 4128 of
351 4081 424 4140 Moy.
