3166 4992
419 452 498 516 176.
665 483 668 488 -
795 463 1003 515 canonicos

271 771 361 811 revue
370 772 388 811 1.
480 749 547 814 ‘De
564 748 653 814 Bello
669 749 706 814 de
721 749 875 814 Famam
889 749 971 814 inter
986 749 1097 836 Bepara
1113 757 1141 814 ct
1159 746 1298 814 eiectos?¹

267 823 294 860 Δ.
302 822 330 861 D.
341 823 399 862 1298.
422 855 425 858 .

256 931 368 1020 ffigf
469 924 562 987 Dum
591 921 661 986 fere
685 943 747 1006 per
771 942 920 986 mensem
945 923 1031 987 talia
1046 930 1256 1004 gererentur,
1273 922 1365 988 defe-

256 1047 354 1108 wanppr
417 1030 538 1088 cerunt
554 1022 718 1087 victualia
737 1023 821 1102 regi.
875 1021 957 1086 Non
974 1022 1064 1086 enim
1079 1029 1245 1086 venerant
1259 1043 1365 1088 naves

254 1095 405 1196 in‘flvi'issiiin
417 1142 479 1203 per
504 1141 599 1185 mare
628 1121 828 1197 occidentis
852 1121 943 1185 siout
968 1122 1265 1203 praeordinaverat
1289 1143 1364 1198 res,

255 1207 325 1246 ΜΡ·
417 1222 500 1302 quia
525 1221 719 1284 contrarius
742 1219 857 1284 fuerat
879 1220 929 1284 eis
951 1227 1097 1299 ventus3
1121 1229 1287 1285 venerant
1309 1229 1364 1285 ta·

417 1340 495 1383 men
512 1319 670 1401 quaedam
690 1339 767 1383 cum
789 1319 947 1383 ducentis
970 1319 1070 1383 doliis
1086 1319 1157 1384 vini
1180 1327 1215 1383 et
1233 1321 1363 1384 victua·
1419 1406 1424 1410 .

416 1419 507 1481 libus
537 1419 668 1501 paucis,
728 1417 817 1496 Quae
854 1418 992 1500 quidem
1020 1419 1125 1496 dolia,
1156 1419 1284 1495 statim,
1317 1440 1363 1483 ex

417 1524 592 1599 praecepto
625 1518 728 1598 regis,
755 1516 940 1580 distributa
965 1525 1047 1581 sunt
1072 1538 1135 1600 per
1160 1519 1363 1582 exercitum.

419 1617 582 1698 Dataque
605 1623 688 1681 sunt
702 1615 938 1680 Wallensibus
953 1617 1022 1680 duo
1039 1617 1133 1681 dolia
1149 1618 1221 1680 vini
1245 1617 1288 1681 ad
1313 1638 1363 1681 re-

417 1714 621 1781 focillandas
650 1734 768 1779 eorum
793 1716 939 1791 animas,
961 1735 1002 1779 eo
1027 1716 1118 1798 quod
1143 1716 1245 1780 valde
1271 1717 1362 1780 defe-

418 1822 537 1878 cerant
571 1821 607 1877 et
636 1815 870 1879 moriebantur
901 1815 1130 1895 glomeratim.
1183 1815 1255 1894 Qui
1284 1835 1361 1879 cum

255 1937 371 1985 ansyn-
418 1912 672 1994 degustassent,
700 1913 863 1977 continuo
895 1912 1056 1977 inebriati
1089 1922 1189 1992 sunt3
1224 1923 1259 1979 et
1290 1917 1363 1979 rix·

257 1991 324 2025 twccn
335 1987 372 2026 the

256 2036 397 2083 Englishmu
418 2019 515 2076 antes
541 2031 621 2077 cum
644 2011 802 2094 Anglicis
828 2012 1061 2076 extenderunt
1090 2033 1213 2078 manus
1239 2017 1362 2078 noxias

253 2085 347 2176 efficis.
416 2111 453 2174 in
473 2112 621 2176 christos
639 2112 792 2188 Domini,
807 2111 1013 2192 perimentes
1035 2131 1080 2176 ex
1102 2113 1151 2177 eis
1173 2115 1361 2178 octodecim

416 2229 593 2292 personas
603 2217 639 2274 et
650 2210 727 2274 aliis
743 2210 1007 2292 quamplurimis
1018 2211 1218 2278 vulneratis.
1257 2213 1359 2292 Quod

417 2329 493 2374 cum
517 2309 695 2373 audissent
716 2316 893 2390 equestres
915 2311 1047 2375 turbati
1068 2319 1162 2389 sunt,
1179 2319 1214 2375 et
1237 2314 1363 2376 armati

416 2409 581 2472 continuo
605 2415 848 2490 processerunt
876 2409 912 2470 in
938 2418 1081 2474 mortem
1112 2429 1242 2487 eorum,
1271 2413 1362 2476 occi-

415 2508 532 2588 sisque
550 2507 728 2588 octoginta
744 2506 982 2572 Wallensibus
1006 2508 1157 2591 reliquos
1181 2511 1217 2575 in
1241 2510 1361 2593 fugam

415 2613 670 2671 converterunt.
722 2605 827 2669 Mane
845 2607 981 2689 quidem
997 2608 1089 2673 facto
1104 2609 1268 2674 dixerunt
1284 2613 1361 2692 qui·

415 2705 495 2768 dam
517 2706 612 2786 regi:
640 2710 663 2739 “
676 2704 766 2770 Ecce
781 2705 978 2771 Walienses
1003 2701 1265 2791 supramodum
1282 2711 1362 2774 irati

415 2810 556 2887 propter
576 2804 691 2868 rixam
724 2803 919 2870 hesternam
947 2826 985 2872 se
1017 2807 1128 2871 Scotis
1152 2809 1361 2892 conjungere

415 2911 451 2967 et
473 2904 557 2967 dare
579 2903 777 2986 disponunt,
791 2904 858 2968 nisi
881 2925 943 2986 per
965 2914 1011 2982 te,
1028 2906 1059 2970 Ο
1076 2927 1150 2984 rex,
1167 2908 1210 2971 ad
1233 2910 1359 2972 bonum

415 3002 512 3084 pacis
529 3003 765 3070 revocentur.''
817 3004 955 3068 Eterat
971 3012 1054 3070 tunc
1069 3026 1187 3072 eorum
1198 3027 1360 3072 numerus

416 3103 516 3184 quasi
532 3102 892 3185 quadragintamillia.
925 3103 971 3168 Et
987 3104 1037 3168 ait
1051 3124 1127 3182 rex,
1140 3111 1163 3140 “
1176 3106 1265 3185 Quae
1277 3126 1361 3171 cura

416 3201 446 3264 si
461 3201 578 3267 hostes
593 3201 750 3266 hostibus
766 3201 1044 3285 conjungantur?
1098 3197 1257 3287 Uterque
1271 3207 1361 3270 enim

415 3305 554 3365 ‘eorum
564 3294 590 3330 ’²
606 3301 716 3364 hostis
732 3307 850 3364 noster
865 3308 939 3376 est;
964 3302 1093 3366 vadant
1108 3323 1201 3385 ergo
1217 3324 1286 3386 quo
1302 3325 1360 3369 vo-

415 3398 551 3472 luerint,
581 3399 757 3479 quoniam,
780 3407 922 3491 auctore
951 3402 1113 3479 Domino,
1144 3404 1180 3466 iu
1212 3425 1281 3468 uno
1304 3405 1361 3471 die

416 3497 664 3560 vindicabimur
677 3496 720 3560 de
735 3499 925 3580 utrisque!¹
977 3500 1079 3579 Quod
1090 3522 1168 3566 cum
1184 3503 1362 3567 audissent

413 3595 477 3670 illi,
492 3594 602 3658 secuti
619 3602 700 3659 sunt
724 3615 852 3677 regem,
868 3599 928 3662 sed
951 3606 1066 3664 tamen
1088 3620 1108 3664 a
1130 3601 1242 3682 longe.
1296 3603 1360 3666 Di·

414 3694 557 3757 cebatur
578 3695 669 3758 enim
688 3695 781 3776 qnod
803 3697 832 3759 si
848 3696 1017 3763 vidissent
1043 3700 1165 3764 Scotos
1186 3702 1222 3763 in
1242 3701 1359 3782 aliquo

411 3794 615 3876 praevalere,
631 3813 668 3857 se
691 3794 810 3859 statim
826 3795 911 3877 ipsis
928 3798 1190 3881 conjunxissent
1210 3801 1246 3862 in
1268 3821 1359 3864 mor·

412 3900 480 3956 tem
494 3891 698 3974 Anglorum.
749 3894 944 3977 Dissipavit
956 3904 1072 3961 tamen
1089 3899 1261 3962 Dominus
1275 3900 1359 3963 ima·

446 4137 453 4166 ¹
471 4134 533 4183 ‘De
559 4135 670 4185 Defectu
693 4132 872 4197 Victucdum,’

411 4203 468 4252 MS,
481 4204 546 4253 cott·
558 4206 638 4265 γεεί).
732 4237 733 4240 ¹
933 4165 943 4196 ²
960 4171 1073 4221 Omitted
1084 4172 1110 4220 iu
1122 4171 1180 4222 MS.
1193 4171 1288 4226 Lansd.
1315 4189 1319 4194 ·
