3144 4990
139 777 143 784 ·
233 752 441 830 armatorum
464 746 574 828 copia,
598 747 680 828 quia
702 754 825 828 parata
847 753 913 823 est,
935 747 1117 828 completa,
1145 753 1180 809 et

432 488 604 536 warram
628 487 675 536 nn
698 489 981 538 unurucuuncu.
1114 475 1180 539 423

234 651 269 708 et
294 645 368 708 sine
395 646 559 710 dilatione
583 647 702 728 aliqua
729 646 874 711 classem
910 655 1065 712 nostram
1101 665 1179 710 cum
1191 661 1343 754 ld'd'lrllh

1189 797 1262 836 Lettor
1270 799 1293 835 ot

233 844 377 921 munita,
401 846 431 908 si
458 846 699 926 regrederetur
727 846 764 909 in
786 844 952 928 Angliaru
979 866 1041 929 per
1071 857 1176 922 mare,
1190 846 1342 944 {ffllffl

235 945 520 1009 transmittemus.
572 945 708 1010 Idcirco
730 946 1088 1028 euim-negotiandum
1109 944 1326 1046 les-mm&

236 1042 343 1106 tinate
368 1050 403 1108 et
425 1043 712 1108 damnificandum
735 1046 865 1109 dictum
886 1062 1001 1126 regem
1021 1051 1176 1109 nostrum
1189 1045 1268 1134 m}

235 1140 409 1206 inimicum
444 1152 480 1208 at
511 1151 677 1221 vestrum,
714 1145 797 1226 quia
828 1144 857 1208 si
890 1145 1067 1225 negotium
1092 1144 1294 1207 bonoE¹¹⁸¹¹²¹11L

234 1259 463 1324 manucapero
509 1243 628 1319 vultiS,
668 1243 852 1308 destruetis
892 1251 929 1308 et
967 1242 1179 1325 conquiretis

235 1342 420 1405 maximam
447 1349 581 1424 partem
607 1339 729 1425 patriae
763 1361 846 1408 suae,
906 1342 953 1407 Et
988 1343 1077 1406 scire
1115 1361 1179 1405 nos

234 1438 370 1504 faciatis
392 1439 435 1504 de
457 1442 556 1506 novis
579 1442 731 1523 partium
754 1449 945 1506 vestrarum
969 1449 1005 1505 st
1026 1442 1070 1505 do
1085 1447 1180 1505 statu

236 1545 351 1603 vestro
378 1560 479 1622 quem
504 1559 705 1624 prosperum
726 1540 833 1606 faciat
856 1541 1027 1606 Dominus
1047 1547 1177 1604 nostor.

236 1637 385 1720 Spiritus
399 1639 547 1703 Sanctus
564 1657 626 1704 vos
644 1640 818 1707 custodire
836 1639 1009 1722 dignetur.
1045 1640 1177 1704 Datum

235 1738 328 1819 apud
353 1737 520 1802 Sanctum
541 1735 737 1803 Dionislum
769 1740 804 1803 in
828 1739 978 1804 Francia
999 1756 1100 1804 xxm.
1121 1739 1177 1802 die

235 1836 258 1901 J
262 1836 333 1900 ulii.
380 1837 512 1902 Nostro
529 1839 707 1903 carissimo
722 1858 763 1904 ac
778 1835 1003 1904 dilectissimo
1029 1857 1176 1903 consan-

235 1937 363 2016 guineo
381 1938 455 2019 regi
473 1937 635 2002 Scotioe.’'

235 2159 375 2238 Qualiter
385 2157 452 2224 Iton
464 2156 589 2245 Acylla
602 2167 630 2224 et
643 2159 793 2225 Francia
808 2157 1012 2225 arraudum
1026 2157 1064 2223 do
1081 2157 1182 2222 Orroei

453 2267 557 2324 mutuo
571 2259 697 2326 Litorat
712 2261 959 2325 transmiserant.

280 2432 360 2496 Rex
383 2431 472 2496 enim
497 2431 654 2496 Frauoiae
678 2433 863 2516 Philippus
887 2430 1080 2514 Anglorum
1108 2429 1183 2512 regi

238 2531 411 2595 Edwardo
428 2540 510 2596 ante
526 2532 725 2596 conflictum
741 2533 784 2596 de
801 2532 916 2596 Crassi
935 2551 996 2613 per
1018 2547 1086 2596 xu.
1109 2530 1183 2593 dies

234 2632 270 2695 in
303 2630 441 2695 Gallico
472 2632 663 2696 transmisit
700 2632 848 2710 literam,
875 2640 916 2696 ut
948 2631 1183 2712 subsequitur,

235 2732 477 2795 continentem.

281 2830 508 2911 “Philippus,
521 2828 588 2892 Dei
604 2830 731 2910 gratia,
744 2848 808 2893 rex
824 2829 995 2904 Francius,
1011 2828 1183 2893 Eduardo
1196 2850 1255 2900 rag
1264 2851 1274 2890 1
1284 2849 1314 2890 n·

236 2929 311 3010 regi
326 2927 466 3008 Angliae
482 2929 640 2992 veritatis
652 2928 896 3010 cognitionem.
931 2927 1009 2992 Viis
1024 2928 1182 2991 omnibus
1195 2899 1314 2990 illidii}

237 3034 273 3090 et
294 3027 405 3091 modis
428 3027 552 3108 quibus
574 3028 737 3109 potuistis
760 3027 833 3091 sine
856 3045 963 3091 causa
987 3026 1183 3090 rationabili
1195 3001 1292 3100 &12:55¹

238 3127 338 3190 nobis
354 3142 514 3208 guerram
530 3125 776 3203 commovistis,
794 3126 962 3190 veniendo
977 3131 1013 3190 et
1027 3124 1183 3189 faciendo
1196 3099 1298 3200 ῗιῗῗῖἶῖ

238 3233 361 3290 contra
381 3225 483 3290 fidam
505 3232 541 3290 et
558 3225 760 3289 fidelitatem
780 3245 821 3288 ac
843 3225 1034 3306 ligiantianr
1058 3225 1184 3307 quibus

238 3326 351 3403 nobis,
378 3326 469 3388 sicut
504 3325 606 3388 homo
641 3333 759 3390 nostor
783 3324 900 3406 ligius,
926 3324 1058 3388 astricti
1090 3324 1184 3387 estis.

239 3425 285 3489 Et
320 3424 363 3490 da
398 3442 500 3502 novo,
527 3425 564 3488 in
597 3425 774 3507 proposito
807 3430 925 3489 vestro
958 3423 1185 3487 irrationabili

238 3531 511 3606 perseverantes,
537 3542 680 3605 regnum
715 3531 871 3588 nostrum
908 3523 1066 3586 Francioe
1105 3541 1184 3587 cum

239 3625 393 3689 exercitu
428 3631 544 3688 vestro
581 3624 749 3700 intrastis,
777 3623 1033 3699 concremastis,
1059 3621 1183 3688 devas-

239 3725 351 3800 tastis,
380 3732 415 3788 et
452 3722 640 3805 depraedati
670 3723 754 3788 estis
781 3723 929 3805 patriam
955 3729 990 3787 et
1018 3722 1184 3804 populum

239 3831 394 3887 nostrum
423 3829 459 3886 et
483 3823 640 3886 subditos
665 3831 814 3899 nostros,
829 3829 865 3885 et
890 3821 922 3885 si
944 3821 1060 3885 nullus
1081 3822 1185 3884 resis-

240 3929 328 3986 teret
353 3922 474 4004 pejora
502 3939 566 4003 pro
600 3939 701 4003 posse
729 3927 857 3997 vestro,
886 3928 922 3984 et
957 3919 1050 3983 mala
1085 3918 1185 3982 malis

239 4022 349 4085 indies
372 4020 520 4085 nitimini
544 4020 732 4083 cumulare.
785 4018 959 4098 Quocirca
985 4037 1049 4081 nos
1075 4019 1188 4082 consi-

238 4121 400 4185 derantes
439 4119 644 4200 gravamina
676 4118 808 4201 injusta
841 4125 876 4182 et
912 4117 1187 4199 depraedationes

239 4241 317 4303 quae
332 4219 461 4302 populo
478 4225 597 4283 nostro
616 4227 651 4282 ct
667 4219 815 4282 subditis
834 4218 961 4282 nostris
976 4217 1101 4281 inferre
1118 4236 1186 4280 nou
