3178 4992
414 439 480 502 154
545 513 548 520 ,
635 485 639 490 .
791 449 1003 502 canonicos

255 589 389 712 iiiiii.
415 613 617 686 servabunt,
644 616 679 673 et
704 608 748 672 ud
773 609 850 693 ejus
883 611 1166 676 observationem
1187 615 1368 678 consilium

249 725 397 737 *-
415 730 516 774 suum
542 718 578 775 et
609 707 780 773 auxilium
811 709 912 773 fidele
939 713 1158 792 praestabunt
1185 712 1221 776 in
1246 732 1368 796 perpe·

416 816 523 877 tuum.

245 879 368 976 raanan
468 909 551 992 Ipse
576 907 681 972 etiam
710 907 904 972 Edwardus
926 908 1019 990 regis
1044 908 1136 974 filius
1162 930 1225 993 per
1247 911 1367 977 literas

245 985 395 1076 {illabili
416 1027 499 1072 suas
520 1015 680 1091 patentes
696 1008 829 1072 remisit
843 1007 1019 1089 praedictis
1034 1010 1218 1075 comitibus
1239 1018 1274 1074 et
1289 1012 1365 1076 uni-

157 1116 159 1120 .
245 1089 268 1122 to
277 1086 315 1123 the
323 1097 360 1136 roy

245 1136 326 1174 favour.
362 1087 382 1126 ⁸¹
414 1109 524 1173 versis
548 1107 620 1171 suis
645 1106 851 1187 sequacibus
875 1126 1010 1171 omnem
1035 1108 1164 1173 ‘animi
1185 1129 1363 1175 rancorem

414 1206 480 1271 et’¹
506 1208 635 1271 malam
667 1207 894 1283 voluntatem,
926 1214 963 1270 et
987 1208 1147 1289 promisit
1174 1209 1210 1272 in
1234 1210 1366 1274 eisdem·

415 1306 526 1371 literis
552 1305 646 1388 quod
669 1313 804 1387 patrem
827 1323 929 1368 suum
953 1305 1131 1371 induceret
1157 1308 1268 1372 modis
1290 1328 1364 1372 om-

414 1405 514 1469 nibus
541 1405 584 1468 ad
611 1404 698 1468 illud
726 1403 817 1467 idem
847 1404 1054 1468 faciendum.
1105 1405 1234 1470 Omnes
1255 1409 1362 1472 etiam

414 1504 603 1569 consiliarii
630 1505 723 1585 regis
749 1504 809 1586 qui
832 1503 959 1567 ibidem
988 1505 1145 1582 aderant,
1168 1525 1230 1588 per
1251 1509 1364 1590 scrip-¹

414 1609 488 1667 tum
503 1623 605 1668 suum
627 1621 732 1686 super
747 1603 813 1667 hoc
831 1603 1030 1684 specialiter
1049 1605 1255 1682 confectum,
1273 1606 1359 1670 illud

412 1703 503 1766 idem
519 1703 761 1786 promiserunt,
779 1711 814 1767 et
834 1703 944 1766 lactati
967 1711 1050 1766 sunt
1073 1705 1225 1768 universi
1247 1705 1283 1768 in
1305 1705 1362 1770 die

412 1802 488 1866 hac.
548 1803 659 1866 Erant
686 1801 777 1865 enim
806 1800 855 1865 ibi
881 1809 1050 1883 exparte
1078 1804 1169 1884 regis
1193 1805 1362 1888 archiepi-

411 1901 536 1984 scopus
556 1899 828 1979 Cantuariensis‚
854 1908 890 1964 ct
916 1900 1090 1965 Henricus
1108 1902 1239 1967 electus
1267 1905 1360 1968 Ebo-

410 2021 499 2077 rum,
544 2000 697 2083 episcopi
736 1999 839 2063 etiam
876 2000 1140 2078 Londcniensis,
1183 2002 1357 2086 ElyensiS,

410 2100 659 2166 Bathoniensis
690 2109 725 2162 et
757 2098 1016 2163 coventrensis.
1073 2100 1227 2165 Comites
1253 2103 1360 2166 etiam

411 2199 607 2276 Cornubiae,
649 2197 847 2275 Warennae,
886 2197 1077 2282 Warewyk
1120 2207 1155 2264 et
1197 2200 1357 2267 Oxcniae.

410 2299 566 2363 Batones
593 2297 698 2360 etiam
722 2294 748 2358 J
751 2295 904 2360 ohannes
929 2296 1087 2388 Gyffard,
1112 2298 1289 2365 Henricus
1315 2302 1361 2365 de

409 2397 534 2480 Peroy,
554 2403 590 2460 et
606 2395 874 2476 Reginaldusde
886 2395 1042 2479 ‘Grey,'2
1054 2417 1132 2484 cum
1144 2399 1263 2463 multis
1278 2401 1361 2464 aliis

410 2497 545 2560 clericis
569 2503 605 2560 et
631 2494 742 2558 laicis.
795 2495 860 2558 Hii
886 2515 1004 2559 omnes
1032 2503 1067 2560 et
1089 2497 1229 2578 singuli,
1251 2501 1359 2564 tactis

408 2595 641 2660 sacrosanctis
661 2594 865 2676 evangeliis,
879 2593 1101 2678 juraverunt,
1122 2596 1167 2660 ad
1189 2597 1355 2682 majorem

408 2697 458 2759 rei
489 2695 722 2771 securitatem,
752 2694 844 2775 quod
877 2695 1061 2776 praedictos
1098 2696 1240 2760 comites
1276 2717 1354 2760 cum

407 2796 482 2858 suis
497 2795 705 2876 sequacibus
726 2794 885 2857 omnibus
908 2801 1031 2857 contra
1045 2793 1221 2858 dominum
1237 2813 1354 2877 regem

171 2961 176 2966 ,
408 2913 548 2958 servare
586 2893 752 2956 deberent
789 2892 918 2956 illaesos
950 2900 986 2957 et
1017 2893 1207 2958 indemnes.
1264 2895 1354 2960 Con·

241 3014 352 3062 satureo,
406 2995 502 3058 venit
529 2995 635 3057 etiam
658 2998 698 3055 ut
721 2992 758 3054 in
784 2992 935 3055 crastino
955 2991 1076 3054 Sancti
1093 2991 1256 3056 Nicbolai
1279 2995 1352 3076 epi-

241 3064 293 3104 D‘⁰'
303 3065 321 3104 ⁷'
405 3095 502 3176 scopi
519 3101 651 3157 certum
667 3110 771 3172 super
787 3091 852 3154 hoo
866 3109 1068 3173 responsum
1087 3092 1284 3173 acciperent
1308 3095 1353 3157 ab

404 3193 481 3274 ipso
504 3212 597 3274 rege,
621 3191 771 3254 subhac
794 3190 990 3254 conditione
1015 3188 1163 3272 adjecta,
1179 3198 1218 3255 ut
1233 3191 1261 3254 si
1289 3211 1353 3255 rex

404 3293 572 3372 praedicta
596 3291 726 3371 scripta
747 3291 952 3370 consignata
973 3289 1165 3354 remitteret
1188 3297 1223 3354 et
1249 3291 1352 3354 ratifi-

404 3397 500 3453 caret
532 3390 660 3465 omnia,
687 3395 816 3451 extunc
843 3387 886 3450 ad
908 3388 1108 3451 mandatum
1132 3389 1224 3470 regis
1249 3389 1352 3453 iidem

404 3489 547 3552 comites
574 3487 629 3550 vel
652 3485 696 3549 ad
717 3505 833 3567 regem
856 3487 891 3550 in
917 3486 1129 3564 Flandriam‚
1151 3488 1205 3550 vel
1232 3497 1353 3552 contra

402 3586 519 3650 hostes
535 3605 618 3649 suos
633 3586 668 3648 in
684 3585 836 3648 Scotiam
852 3585 1152 3667 proficiscerentur
1163 3587 1206 3650 ad
1219 3594 1351 3652 votum.

403 3685 525 3749 Missis
547 3704 631 3766 ergo
654 3685 790 3747 nunciis
815 3684 858 3748 ad
883 3683 997 3766 ipsum
1024 3686 1199 3749 dominum
1222 3705 1351 3767 regem,

401 3786 613 3867 scripserunt
634 3784 665 3846 ei
681 3784 859 3848 secretarii
877 3783 931 3846 sui
951 3791 988 3847 ut
1010 3785 1039 3847 si
1058 3784 1222 3848 honorem
1238 3805 1351 3862 suum,

400 3892 543 3960 statum,
558 3893 593 3948 et
603 3903 747 3964 regnum
764 3882 902 3947 salvare
914 3889 949 3946 et
964 3885 1113 3947 retinere
1128 3893 1352 3966 proponeret,

302 3974 303 3980 '
399 3985 566 4064 praedicta
581 3983 698 4048 omnia
715 3981 905 4046 remitteret
927 3982 1143 4063 consignata.
1188 3983 1259 4061 Qui
1274 3984 1351 4067 qui-

435 4137 441 4166 ¹
460 4136 611 4188 Omittediu
622 4134 699 4184 MSS.
712 4134 778 4184 Ooll.
790 4133 861 4184 Arm.
922 4128 932 4158 ²
949 4133 956 4159 ‘
971 4131 1061 4194 Gray,'
1082 4131 1158 4182 MSS.
1184 4132 1279 4182 Lansd.
1301 4134 1353 4181 and

398 4206 448 4254 and
460 4206 526 4254 Cott.
533 4206 591 4254 Tib.
888 4201 1042 4263 Octavam.
