3178 4992
781 481 988 530 cunourcou
1082 463 1085 468 ’

263 781 386 872 {effi
540 757 693 837 Quomodo
712 757 850 843 Troopor
866 757 1005 821 intonat
1019 757 1115 843 Repo
1128 758 1236 821 orriri

249 887 397 896 ——-

466 932 564 996 Inter
586 941 769 1014 magnates
787 933 954 1014 plurimos
976 933 1036 1014 qui
1055 951 1133 995 curn
1152 950 1232 1012 rege
1249 936 1366 993 nostro

414 1031 562 1096 aderant
589 1033 737 1097 affuerat
758 1033 818 1096 ille
839 1032 1010 1096 discretus
1026 1032 1080 1093 vir
1106 1031 1215 1094 frater
1234 1028 1365 1092 Willel-

415 1150 492 1194 mus
529 1131 573 1195 de
610 1131 769 1197 Hothom
814 1131 1094 1195 Dumblaniensis
1130 1130 1270 1200 electus,
1307 1129 1366 1210 qui

417 1230 576 1294 notitiam
616 1231 955 1313 familiaritatemque
997 1231 1090 1310 regis
1138 1229 1295 1294 Franciae
1331 1235 1365 1290 et

416 1337 617 1411 magnatum
646 1329 801 1412 ejusdem
829 1329 926 1412 regni
951 1331 1187 1404 contraxerat,
1217 1326 1296 1390 dum
1328 1325 1364 1390 in

417 1427 594 1510 theologia
628 1427 784 1492 Parisius
833 1429 952 1492 multis
986 1436 1022 1493 et
1057 1427 1196 1509 egregie
1226 1432 1366 1490 rexerat

416 1528 536 1601 annis;
569 1534 646 1591 erat
677 1528 766 1591 eninr
796 1526 839 1591 de
867 1527 987 1592 ordine
1023 1527 1304 1604 Praedicatornm,
1329 1533 1365 1589 et

417 1627 559 1691 natione
602 1626 786 1708 Anglicus.
853 1627 924 1691 Hic
970 1627 1111 1691 mittens
1158 1625 1216 1690 ad.
1247 1644 1362 1707 regem

419 1725 588 1803 Franciae,
612 1727 830 1809 peregrinum
856 1745 893 1790 se
921 1725 1023 1790 finxit
1045 1726 1082 1790 in
1109 1731 1202 1789 terra
1225 1744 1301 1801 sua,
1316 1724 1364 1787 di-

416 1843 499 1889 cens
523 1845 561 1891 se
584 1826 674 1890 velle
703 1825 875 1908 proficisci
906 1825 949 1889 ad
981 1825 1112 1889 curiam
1138 1825 1363 1907 apostolicam

416 1924 462 1988 ob
486 1943 628 1989 causam
653 1927 848 1990 vocationis
877 1943 950 1989 suae
977 1924 1022 1988 ad
1052 1926 1167 1992 sedem
1196 1924 1365 1988 Dumbla-

417 2023 583 2101 niensem,
621 2025 788 2107 petiitque
830 2026 874 2088 ab
902 2025 980 2107 ipso
1011 2043 1093 2108 rege
1128 2024 1246 2088 literas
1281 2044 1364 2088 con·

417 2122 588 2202 ductivas,
615 2132 655 2189 nt
683 2125 783 2189 salvo
808 2125 943 2189 veniret
972 2124 1016 2188 ad
1048 2142 1126 2188 eum
1157 2130 1192 2188 et
1222 2124 1364 2206 pacifice

417 2221 618 2305 loqueretur
642 2225 685 2288 ei.
738 2223 836 2304 Quas
861 2243 940 2288 cum
965 2222 1008 2288 de
1029 2224 1123 2288 facili
1146 2223 1365 2306 impetrasset

417 2341 533 2404 regem
558 2323 653 2400 adiit,
677 2331 713 2387 et
734 2323 878 2406 pacifice
899 2323 1038 2405 quidem
1060 2323 1215 2405 loquenS,
1242 2330 1363 2405 utpote

416 2422 561 2486 multum
589 2421 720 2487 habens
744 2421 894 2505 pectoris
920 2430 955 2486 et
978 2423 1156 2499 sermonis,
1180 2423 1231 2486 sic
1255 2421 1364 2505 impe-

416 2521 525 2584 travit
550 2521 643 2603 quod
660 2521 739 2586 hinc
754 2530 790 2586 et
804 2522 885 2586 inde
900 2521 945 2585 ad
958 2529 1072 2587 certos
1090 2521 1179 2586 diem
1198 2530 1233 2586 et
1248 2521 1362 2586 locum

415 2618 482 2682 viri
505 2620 640 2702 pacifici
659 2628 695 2685 et
717 2621 857 2686 discreti
878 2623 1108 2699 mitterentur,
1128 2623 1186 2703 qui
1209 2621 1253 2685 de
1277 2641 1363 2703 pace

415 2718 520 2800 plena
554 2720 611 2783 vel
648 2720 772 2784 saltem
810 2720 854 2784 de
897 2729 1020 2804 treuga
1057 2727 1249 2785 tractarent
1286 2741 1363 2785 cum

299 2837 324 2866 ω
416 2817 552 2896 effectu,
582 2818 783 2902 factumque
812 2828 867 2885 est
893 2821 953 2885 ita.
1013 2819 1116 2884 Unde
1145 2819 1272 2884 habitis
1302 2841 1364 2903 per

415 2916 489 2981 dies
503 2926 653 3000 quatuor
674 2927 711 2985 et
730 2919 809 2984 loca
830 2920 967 2984 diversa
982 2920 1188 2984 tractatibus
1201 2920 1306 2983 variis
1328 2927 1364 2984 et

413 3016 595 3101 colloquiis
617 3019 747 3097 multiS,
778 3020 915 3098 tandem
946 3019 982 3083 in
1009 3020 1131 3101 quinto
1157 3018 1213 3082 die
1238 3038 1363 3083 conve·

414 3126 540 3182 nerunt
561 3127 744 3200 magnates
765 3120 946 3201 utriusque
967 3119 1065 3200 regni
1088 3117 1181 3200 apud
1207 3118 1363 3202 Turnay,

414 3235 458 3280 ex
475 3225 574 3299 parte
588 3219 721 3283 scilicet
743 3219 844 3300 regis,
861 3219 1029 3294 Franciae,
1047 3217 1119 3280 dux
1141 3218 1362 3298 Burgundiae,

413 3333 529 3381 comes
570 3318 613 3382 de
646 3319 774 3402 Sancto
801 3318 926 3394 Paulo,
955 3336 1070 3382 comes
1099 3316 1141 3380 de
1172 3317 1363 3395 Britannia,

414 3415 574 3480 dominns
604 3417 647 3480 de
682 3416 835 3494 ‘Nele,'¹
873 3423 908 3481 et
942 3418 1127 3499 episcopus
1160 3416 1203 3481 de
1234 3415 1363 3494 Aucer,

414 3532 491 3577 cum
523 3514 641 3579 multis
681 3514 781 3595 aliis;
818 3536 863 3580 ex
896 3524 997 3598 parte
1030 3517 1123 3597 regis
1154 3516 1362 3598 Anglorum,

413 3612 597 3694 episcopus
627 3613 887 3692 Dunolmensis,
915 3636 994 3680 cum
1025 3616 1158 3680 caeteris
1182 3617 1361 3699 plurimis3

413 3711 473 3792 qui
499 3712 613 3777 Deum
636 3733 708 3796 prae
738 3714 849 3778 oculis
879 3715 1059 3790 habentes,
1095 3722 1262 3797 tanquam
1302 3715 1364 3778 filii

412 3829 505 3876 verae
520 3811 607 3877 lucis
630 3821 666 3878 et
687 3814 793 3896 pacis,
810 3814 979 3896 praeludia
995 3821 1207 3891 statuerunt,
1222 3822 1363 3895 treugas

412 3911 544 3978 scilicet
568 3911 772 3990 biennaleS,2
802 3934 824 3976 a
860 3914 949 3979 sesto
980 3914 1118 3978 Sanctae
1158 3913 1364 3996 Epiphaniae

446 4105 577 4171 '‘Neel,'
599 4110 674 4160 MSS.
700 4109 795 4160 Lansd.
822 4109 873 4158 and
935 4107 1023 4158 'This
1041 4110 1167 4158 armistice
1185 4122 1241 4156 was
1258 4113 1285 4157 to
1307 4124 1366 4158 oon-

408 4175 474 4228 Oott.
486 4178 579 4241 Vesp.;
595 4180 713 4243 ‘Neele,'
728 4180 786 4230 MS.
805 4178 871 4230 cut
898 4179 968 4228 tinne
979 4179 1018 4228 for
1029 4178 1071 4228 the
1083 4178 1178 4239 Duchy
1188 4177 1218 4227 οἰ
1225 4178 1365 4240 Aquitaine

406 4245 462 4295 Tib.
899 4249 963 4298 until
982 4249 1026 4300 tho
1046 4249 1155 4311 ensuing
1173 4248 1238 4297 least
1257 4248 1286 4297 of
1302 4250 1365 4316 Ερί-Ι
