3166 4992
385 529 388 533 .
470 460 639 509 wnnruar
664 461 1017 510 nnnnurrvcsuncn.
1150 444 1216 512 215

265 625 340 686 sno,
361 615 549 698 statimque
573 615 655 680 fecit
681 618 909 700 peremptorie
935 617 1035 680 citari
1061 619 1210 699 priorem
1237 637 1360 726 prgggolo·

264 714 300 773 et
315 722 428 776 certas
444 733 610 796 personas
628 715 670 779 de
687 724 872 792 conventu,
887 717 980 798 quod
1004 718 1039 780 in
1057 719 1210 782 crastino
1225 712 1366 808 Dijffl'

265 821 503 892 comparerent
529 815 566 878 in
590 817 707 880 eadem
738 817 895 892 ecclesia,
926 817 991 879 sibi
1015 835 1121 899 super
1145 817 1209 881 hu·
1223 818 1365 918 iiiiii&

260 907 414 991 jusmodi
438 921 638 997 contemptu
664 917 872 998 responsuri.
924 915 971 979 Et
996 917 1078 998 quia
1095 917 1326 1007 vocatiffiffi·

263 1025 332 1072 non
354 1023 622 1095 comparuerunt
643 1016 680 1079 in
701 1016 889 1080 crastinum
914 1015 1075 1097 deposuit
1095 1016 1208 1098 ipsum
1223 1033 1331 1082 mentior
1342 1034 1359 1072 u

264 1107 424 1190 priorem,
450 1121 485 1178 et
508 1116 821 1178 excommunicavit
845 1115 970 1179 fratres
998 1117 1059 1197 qui
1086 1116 1121 1178 in
1147 1117 1207 1180 ob·
1220 1083 1362 1182 ῗῖιῖῗῖῗιιῖῗ

262 1213 445 1274 servantiis
472 1215 687 1294 regularibus
710 1215 889 1278 obedirent
919 1213 1048 1288 eidem3
1064 1229 1207 1297 praece-

263 1308 382 1391 pitque
421 1313 598 1376 monacbis
641 1321 681 1378 ut
726 1314 831 1377 alium
870 1333 948 1377 cum
988 1313 1207 1378 festinatione

261 1407 439 1489 eligerent.
491 1413 538 1477 Et
560 1413 641 1494 quia
662 1413 871 1478 distulerunt
895 1413 958 1476 boc
976 1413 1089 1476 lacere
1106 1413 1206 1477 haesi·

262 1513 388 1587 tantes,
421 1513 570 1576 arctavit
602 1531 661 1578 eos
697 1514 733 1576 in
767 1513 874 1589 victu,
905 1532 973 1575 uon
1004 1513 1206 1594 permittens

261 1626 323 1688 per
354 1618 472 1691 portas
496 1613 591 1676 urbis
618 1602 802 1696 quicquam
834 1612 952 1676 inferri
978 1612 1022 1675 ad
1048 1629 1120 1688 eos,
1143 1632 1205 1677 nec

261 1707 354 1788 ipsos
373 1711 500 1790 egredi,
522 1732 585 1776 nec
608 1713 684 1776 aliis
707 1714 850 1796 patebat
863 1710 1050 1792 ingressae.
1097 1711 1203 1776 Curn-

260 1826 326 1888 que
342 1809 378 1872 iu
397 1817 493 1874 arcto
511 1814 560 1874 sic
576 1809 682 1895 positi
703 1819 829 1888 essent,
845 1821 879 1876 et
898 1811 998 1892 quasi
1019 1810 1204 1875 deficerent

258 1905 434 1986 ¹victualia,
453 1911 611 1975 timentes
634 1912 707 1975 lieri
731 1911 851 1995 pejora
868 1911 1049 1993 prioribus,
1065 1929 1202 1992 proces-

257 2014 375 2071 serunt
405 2016 440 2073 et
465 2010 645 2092 elegerunt
670 2019 791 2074 contra
813 2026 941 2077 morem
963 2010 1065 2092 quasi
1092 2011 1203 2089 major

248 2125 340 2187 pars
369 2110 540 2190 quendam
568 2111 760 2174 Henricum
788 2109 832 2172 de
862 2110 1015 2192 Luceby,
1044 2109 1104 2190 qui
1136 2108 1201 2173 furt

259 2204 438 2270 familiaris
466 2211 641 2292 episcopo,
664 2230 707 2274 eo
733 2209 824 2292 quod
849 2211 1036 2291 sperabant
1067 2209 1200 2289 episco-

257 2322 338 2386 pum
365 2327 480 2389 posse·
495 2311 625 2392 placari
650 2329 712 2392 per
734 2309 823 2372 eum.
876 2307 947 2386 Qui
972 2313 1200 2389 praesentatus

254 2406 428 2489 episcopo,
457 2410 588 2492 absque
614 2407 815 2472 difficultate
841 2408 1012 2470 admissus
1042 2415 1107 2484 est,
1138 2408 1199 2470 sed

255 2523 332 2568 cum
358 2507 529 2574 installari
550 2509 737 2585 debuisset,
760 2509 893 2570 invonit
914 2505 1103 2570 Ricardum
1129 2507 1198 2588 prl-

255 2623 348 2668 orem
380 2608 416 2671 in
450 2610 554 2673 stallo
586 2628 649 2672 suo
687 2608 930 2671 reclamantem
965 2613 1004 2668 ut
1038 2605 1134 2687 prius
1164 2613 1198 2669 et

255 2706 495 2787 appellantem.
541 2708 590 2774 At
610 2708 661 2771 illi
682 2706 896 2790 episcopales
911 2713 946 2768 et
962 2705 1101 2788 quidam
1120 2704 1197 2768 lblsi

253 2805 376 2869 fratres
404 2809 573 2890 appositis
598 2809 755 2871 manibus
781 2812 1009 2870 extruxerunt
1030 2804 1196 2867 christum

255 2905 396 2969 Domini
419 2906 462 2970 de
488 2907 565 2971 loco
591 2927 667 2984 suo,
688 2906 863 2970 tradentes
888 2903 1065 2981 custodiae,
1082 2911 1117 2967 et
1137 2905 1195 2967 de-

253 3023 346 3067 mum
379 3005 593 3070 recludentes
629 3008 664 3069 in
700 3005 868 3068 horrendo
902 3003 1049 3068 carceris
1081 3022 1197 3084 ergas-

251 3105 336 3178 tulo,
367 3105 640 3188 primoquidem
673 3105 763 3169 infra
794 3111 895 3185 septa
920 3103 1131 3178 monasterii,
1161 3110 1197 3166 et

251 3203 402 3268 secundo
419 3205 453 3267 in
465 3211 591 3269 castro.
637 3205 839 3286 Mansitque
854 3204 904 3266 sic
917 3203 1056 3266 clausus
1071 3203 1106 3264 iu
1121 3220 1195 3264 car-

251 3324 328 3367 cere
350 3304 456 3386 longo
474 3312 638 3388 tempore,
658 3309 692 3367 et
710 3302 850 3385 qnidam
867 3323 912 3366 ex
931 3299 1108 3366 monachis
1125 3302 1196 3364 suis
1270 3312 1276 3322 ·

249 3405 426 3486 prosecuti
446 3413 529 3468 sunt
553 3404 820 3487 appellationem
846 3403 881 3465 in
908 3403 1005 3464 curia
1032 3401 1196 3478 Eburum,

251 3521 313 3568 nec
326 3506 460 3568 curavit
473 3505 668 3587 episcopus,
683 3523 724 3568 eo
740 3503 832 3585 quod
843 3504 1018 3566 animosus
1030 3509 1116 3576 erat,
1126 3517 1195 3562 non

251 3604 374 3668 timens
407 3605 577 3668 hominem
608 3623 719 3686 neque
749 3622 875 3684 regem.
929 3601 1086 3664 Tandem
1111 3616 1194 3664 vero
1222 3613 1282 3652 Α·1)·
1294 3615 1348 3653 ¹³⁰¹·

251 3704 389 3784 quidam
408 3723 453 3766 ex
474 3704 651 3780 fratribus,
668 3722 730 3786 pro
748 3703 838 3766 bono
861 3702 968 3784 pecie,
984 3699 1194 3763 induxerunt

249 3804 362 3883 ipsum
386 3803 576 3867 Ricardum
600 3804 746 3885 priorem
774 3812 814 3866 ut
836 3802 959 3882 gratiae
982 3799 1134 3880 episcopi
1156 3817 1193 3860 se

250 3910 471 3984 supponeret,
502 3911 537 3966 et
568 3909 696 3966 statum
724 3903 924 3982 resignaret,
951 3897 1192 3980 promittentes

249 4003 447 4084 episcopum
469 4004 505 4064 iu
528 4003 723 4084 provisione
745 4001 809 4063 sibi
837 3997 994 4061 facienda
1016 3997 1089 4058 fore
1113 4009 1191 4074 gra-

249 4103 389 4178 tiosum,
401 4121 463 4164 nec
478 4102 565 4165 alias
581 4101 694 4183 ipsum
710 4099 841 4182 placari
856 4114 957 4179 posse
970 4096 1055 4178 quin
1072 4102 1191 4175 tyran-

244 4200 360 4264 nidem
378 4210 554 4265 exerceret
572 4201 690 4264 durius
706 4200 740 4262 in
756 4199 919 4260 futurum.
966 4193 1037 4272 Qui
1054 4193 1191 4257 laudern
