3126 4986
387 410 432 474 24
755 428 964 482 canonicor

241 598 349 688 udguq
341 599 369 687 1l
390 583 634 650 reclamatione
656 585 857 668 plectendos
884 587 950 649 sibi
976 586 1077 650 mitti.
1131 586 1235 665 Quod
1262 608 1340 652 cum

229 702 379 713 -·-·
393 684 600 749 Christianis
617 684 741 749 durum
756 686 941 763 videretur,
958 686 1039 751 licet
1054 687 1224 750 instarent
1238 686 1340 750 Tem·

392 785 493 866 plarii
518 792 558 849 ut
580 785 657 867 ejus
682 792 764 849 voto
786 792 977 866 pareretur,
999 785 1144 849 nuncios
1167 786 1268 867 qnasi
1290 787 1341 848 in-

392 883 483 948 fecto
495 884 634 965 negotio
648 885 853 948 remiserunt
868 903 1013 962 vacuos3
1038 884 1339 966 ‘praesumebant’¹

393 1001 542 1064 namque
568 983 758 1048 Christiani
778 983 821 1047 de
846 1002 895 1060 se,
910 992 1075 1065 ponentes
1100 1003 1238 1047 carnem
1261 985 1340 1047 bra·

392 1082 507 1144 chium
535 1075 647 1159 suum,
674 1091 709 1146 et
731 1082 941 1147 confidentes
963 1083 999 1146 in
1019 1082 1156 1147 homine
1179 1083 1239 1165 qui
1261 1102 1341 1146 oum

392 1180 511 1244 multis
527 1182 653 1245 ibidem
672 1181 777 1262 paulo
797 1187 879 1245 ante
900 1180 1100 1258 advenerat,
1118 1180 1257 1245 domino
1274 1183 1341 1245 sci-

393 1278 475 1343 licet
499 1279 636 1344 Othone
656 1281 699 1344 de
722 1279 973 1357 Grandi-sono,
988 1281 1048 1361 qui
1068 1300 1147 1345 cunr
1171 1280 1342 1344 thesauris

394 1379 486 1459 regis
503 1378 640 1460 Angliae
658 1380 783 1443 ibidem
799 1378 923 1442 missus
941 1387 979 1443 ut
996 1381 1088 1444 viam
1105 1387 1245 1462 pararet
1261 1387 1343 1443 ante

394 1477 517 1542 faciem
546 1477 632 1561 ejus,
666 1477 787 1542 habuit
815 1477 905 1542 enim
937 1479 972 1541 in
1002 1480 1182 1561 proposito
1213 1499 1276 1542 rex
1305 1479 1342 1541 in

395 1583 522 1640 terram
538 1576 708 1642 ‘dictam’2
720 1577 902 1659 proficisci,
913 1578 1060 1641 durante
1073 1578 1132 1641 diu
1145 1578 1343 1641 subsidione

395 1675 546 1756 bostium
571 1697 650 1740 curn
676 1676 804 1740 eisdem
828 1676 999 1740 thesauris
1025 1676 1062 1739 in
1080 1676 1232 1759 Cyprum
1251 1677 1343 1758 fugi-

395 1793 468 1852 ens,
498 1783 633 1840 mutato
666 1775 882 1856 cognomine,
910 1777 945 1838 in
978 1795 1165 1857 congressu
1203 1775 1345 1839 militari

396 1893 543 1956 parvum
563 1875 645 1939 fecit
666 1895 802 1938 sonum.
854 1874 1026 1938 Soldanus
1046 1881 1174 1950 autem,
1197 1874 1344 1938 Christi-

397 1993 541 2037 anorum
555 1975 758 2056 sanguinem
774 1974 894 2038 sitiens
907 1982 941 2037 et
956 1975 991 2036 in
1002 1974 1189 2038 vindictam
1201 1993 1343 2037 suornm

397 2071 556 2150 fremens,
581 2081 792 2155 congregato
807 2074 961 2136 exercitu
983 2074 1162 2149 immenso,
1177 2071 1286 2156 jussit
1305 2080 1344 2136 nt

396 2172 512 2234 nullus
527 2174 582 2235 sui
599 2181 723 2255 potens
740 2179 929 2235 excusatus
945 2178 1147 2236 remaneret.
1185 2171 1343 2254 Cumque

397 2272 605 2334 terribilibus
640 2271 712 2334 suis
735 2270 845 2353 copiis
873 2290 995 2333 versus
1020 2271 1149 2336 Acram
1177 2271 1344 2345 tenderet,

399 2368 589 2433 Christiani
615 2370 784 2446 exterriti,
809 2369 922 2432 missis
952 2377 987 2433 et
1012 2371 1164 2433 remissis
1194 2369 1237 2432 ad
1265 2389 1344 2432 eum

400 2469 546 2546 nunciis,
575 2468 651 2552 ejus
679 2469 784 2532 animi
811 2476 943 2532 motum
976 2470 1174 2532 muneribus
1206 2468 1345 2550 placare

399 2569 601 2648 probarunt,
619 2576 655 2632 et
678 2569 761 2650 quia
783 2587 948 2631 accensus
974 2568 1070 2632 furor
1095 2568 1252 2648 extingui
1276 2586 1345 2630 non

400 2675 537 2748 poterat
566 2668 704 2732 tandem
738 2667 938 2732 obtulerunt
968 2667 1000 2730 ei
1030 2667 1204 2730 civitatem
1231 2667 1275 2729 ab
1303 2685 1345 2728 eo

398 2767 546 2830 retinere
557 2767 646 2830 velle
663 2767 728 2829 snb
741 2767 871 2829 tributo
883 2790 891 2837 ;
916 2766 977 2828 sed
993 2785 1061 2828 non
1074 2765 1251 2846 adquievit
1264 2764 1347 2842 illis,

399 2865 483 2945 quin
498 2867 616 2946 potius
628 2865 762 2928 civitati
776 2864 957 2947 applicans
974 2864 1118 2928 eandem
1132 2864 1269 2928 fortiter
1283 2883 1345 2926 ex-

399 2963 571 3045 pugnavit
594 2965 714 3027 diebus
739 2963 876 3026 circiter
906 2979 968 3027 xa.
1013 2964 1197 3044 Tantaque
1229 2963 1346 3026 extitit

398 3064 627 3144 pugnantium
654 3063 756 3145 copia
783 3062 886 3126 certis
912 3061 1046 3125 vicibus
1075 3062 1284 3125 mutantium
1310 3071 1346 3126 et

399 3163 673 3244 expugnantium
697 3170 799 3225 nocte
826 3161 960 3242 dieque,
987 3161 1079 3242 quod
1105 3161 1246 3242 repletis
1278 3160 1346 3223 sos-

399 3262 485 3325 satis
503 3262 607 3324 humo
625 3268 660 3324 et
676 3261 849 3342 lapidibus
864 3260 956 3322 viam
977 3261 1043 3324 sibi
1067 3259 1206 3342 planam
1221 3279 1346 3341 aggre-

399 3359 513 3422 diendi
533 3360 696 3432 fecerunt,
714 3378 777 3422 nec
804 3365 879 3421 erat
895 3358 1033 3440 uix'qui
1056 3359 1092 3421 in
1113 3359 1221 3422 muris
1243 3359 1344 3422 resis-

398 3464 488 3520 teret
513 3477 585 3538 prae
607 3457 827 3521 multitudine
845 3456 991 3520 telorum
1018 3465 1054 3521 et
1077 3457 1344 3539 quadrellornm.

400 3555 446 3618 Et
463 3555 545 3619 licet
560 3576 604 3619 ex
620 3563 719 3638 parte
734 3555 949 3619 foeminarum
965 3556 1094 3620 devita
1109 3575 1211 3637 quam
1227 3558 1346 3638 utique

398 3655 504 3717 vitam
525 3656 653 3718 malam
668 3655 814 3719 dicimus
829 3661 863 3718 et
880 3655 1120 3731 execrabilem,
1136 3663 1235 3718 erant
1256 3656 1345 3718 enim

399 3761 437 3814 ut
461 3752 695 3818 ‘dicebatur'³
720 3755 755 3816 in
780 3773 921 3817 nurnero
945 3754 1137 3817 meretricio
1161 3755 1344 3836 plusquam

399 3870 494 3916 x1111.
514 3854 623 3917 millia
638 3853 820 3917 mulierum
841 3861 1110 3928 numeraturum,
1129 3860 1245 3916 essent
1260 3852 1345 3915 dua-

432 4101 676 4165 ¹‘praesumantea,’
706 4101 763 4150 MS.
791 4101 857 4149 Cott.
919 4093 1093 4159 ’‘sauctam‚'
1106 4099 1300 4149 triscurria.

395 4174 450 4221 Tib.
917 4163 926 4192 ³
945 4168 1074 4229 ‘dicitur,'
1087 4168 1143 4216 MS.
1156 4169 1223 4217 Cott.
1235 4169 1292 4218 Tib.
