3178 4992
434 493 602 542 wanrnnr
627 493 674 540 nn
697 495 982 544 annuncianes.
1117 481 1182 546 121

332 741 488 808 Dissentio
502 751 573 808 orto
587 743 669 808 tutor
683 745 795 830 lioperto
809 753 838 809 ot
854 745 983 810 Ooooitos
996 765 1074 810 onos.
1207 771 1302 864 {effi
1305 775 1330 864 91⁵

1193 877 1341 890 ,-
1396 877 1399 882 ·

275 943 318 1006 In
335 943 423 1007 festo
445 943 558 1007 sancti
582 941 729 1006 Mathioe
750 944 900 1027 apostoli
915 942 1069 1027 ejusdem
1087 943 1181 1021 anni,
1194 976 1288 1026 sum,

229 1043 447 1107 ‘convocatis
465 1042 689 1124 optimatibus
706 1042 836 1125 regni'¹
853 1044 984 1127 absque
1007 1043 1111 1120 clerc,
1129 1051 1180 1108 te·
1194 1029 1310 1127 ξῖξῖἷῇ,

231 1142 307 1206 nuit
325 1163 387 1206 rex
405 1142 669 1225 parliamentum
689 1161 790 1206 suum
808 1144 901 1226 apud
918 1143 1103 1220 Salesbire,
1123 1145 1183 1207 ubi
1194 1129 1324 1228 ssfflffiffi,

230 1243 368 1324 “bavit
397 1241 565 1325 quosdam
602 1249 804 1323 magnatum
835 1249 876 1306 ut
906 1244 942 1306 in
971 1243 1182 1307 Vasconiam
1195 1229 1345 1277 ursanum.

230 1343 507 1417 transfretarent,
530 1349 564 1406 et
586 1350 767 1426 coeperunt
792 1343 922 1424 singuli
942 1361 980 1406 se
1002 1361 1181 1407 excusare.
1195 1312 1327 1402 {affin

232 1441 509 1524 Indignatusque
548 1461 623 1519 rex,
661 1443 950 1528 comminabatur
976 1441 1182 1526 quibusdam
1195 1413 1304 1513 ἷῖῗιῖιῖἷ

232 1560 349 1606 eorum
383 1541 440 1606 vel
470 1540 563 1624 quod
592 1541 683 1607 irent
715 1541 770 1606 vel
800 1542 891 1624 quod
924 1549 1035 1606 terras
1065 1543 1183 1606 eorum

231 1641 330 1705 daret
347 1641 424 1704 aliis
441 1641 501 1723 qui
516 1642 566 1705 ire
581 1642 722 1706 vellent.
767 1641 814 1705 Et
827 1642 864 1705 in
879 1642 943 1706 hoc
958 1643 1065 1706 verbo
1081 1659 1181 1704 scan-
1210 1691 1211 1694 η

232 1741 373 1805 dalinati
392 1749 474 1805 sunt
499 1741 612 1819 multi,
630 1746 665 1806 et
686 1740 837 1805 schisma
852 1741 959 1824 coepit
984 1742 1067 1805 oriri
1093 1741 1184 1805 inter

232 1860 301 1904 eos.
354 1840 479 1906 Comes
492 1841 597 1905 etiam
612 1840 877 1906 Herefordensis
893 1848 929 1906 et
945 1860 1058 1905 comes
1071 1851 1183 1904 mare*

232 1938 382 2004 scallus2
410 1947 666 2005 excusaverunt
691 1960 740 2017 se,
768 1940 921 2004 dicentes
950 1941 1043 2023 quod
1072 1938 1185 2004 officia

232 2059 297 2104 sua
315 2059 393 2123 qnae
415 2041 480 2104 sibi
498 2041 577 2125 jure
598 2040 816 2104 haereditario
837 2041 1078 2124 competebant
1092 2040 1184 2103 lace·

233 2147 309 2203 rent
323 2141 479 2218 libenter,
502 2140 613 2206 eundo
635 2159 713 2204 cum
736 2141 813 2222 ipso
836 2160 929 2222 rege.
982 2140 1184 2221 Iterataque

232 2259 334 2322 prece
351 2247 496 2322 rogatus
514 2247 567 2304 est
584 2259 698 2304 comes
714 2235 949 2316 marescallus,
967 2247 1007 2304 ut
1021 2241 1097 2304 iret.
1138 2239 1185 2303 Et

235 2341 296 2417 ait,
312 2339 510 2403 “Libenter
531 2347 643 2403 tecum
665 2340 801 2416 vadam,
819 2339 850 2404 0
865 2359 941 2416 rex,
959 2338 1184 2422 praecedendo
1207 2351 1209 2358 ’

233 2440 355 2503 faciem
365 2446 461 2503 tuam
474 2440 510 2502 iu
522 2441 596 2504 acie
608 2441 731 2522 prima,
741 2441 830 2504 sicut
844 2439 927 2503 mihi
938 2439 1104 2521 competit
1114 2438 1185 2502 hoe-

233 2539 395 2604 reditario
404 2539 519 2622 jure.'’
557 2540 603 2604 Et
615 2559 688 2616 rex,
706 2539 853 2604 “Etiam
865 2540 939 2603 sine
954 2560 1008 2604 me
1024 2538 1184 2602 ibiscum

234 2639 346 2704 aliis.''
381 2637 431 2704 At
441 2636 511 2714 ille,
524 2645 546 2674 “
555 2636 637 2703 Non
649 2647 778 2715 teneor,
791 2659 854 2703 neo
866 2647 919 2703 est
930 2633 1016 2703 meae
1028 2639 1184 2703 volunta·

235 2740 291 2814 tis,
308 2739 339 2802 0
362 2759 437 2816 rex,
455 2739 529 2802 sine
547 2745 581 2802 te
598 2739 663 2802 iter
688 2740 873 2821 arripere.”
925 2739 971 2802 Et
987 2739 1097 2802 iratus
1122 2757 1183 2802 rex

234 2839 392 2921 prorupit
412 2839 449 2901 in
470 2839 546 2902 haec
566 2840 684 2915 verba,
702 2845 742 2902 ut
765 2838 901 2914 dicitur,
924 2845 946 2872 ‘⁴
961 2838 1031 2902 Per
1056 2837 1184 2914 Deum,

235 2957 361 3014 comeS,
386 2946 446 3002 ant
469 2939 536 3001 ibis
564 2944 625 3001 ant
655 2937 853 3021 pendebis.'’
905 2937 952 3001 Et
979 2937 1049 3012 ille,
1080 2936 1186 3000 “Per

234 3038 325 3101 idem
338 3037 587 3120 juramentum,
609 3037 639 3099 Ο
661 3057 736 3113 rex,
754 3056 816 3100 neo
836 3037 894 3100 ibo
914 3055 977 3100 nec
994 3035 1185 3118 pendebo.’'

236 3137 294 3212 Et,
317 3136 457 3199 licentia
481 3156 550 3200 non
570 3142 724 3218 accepta,
741 3137 893 3214 recessit,
913 3135 1186 3215 dissolutumque

236 3243 289 3300 est
302 3234 528 3299 ‘consilium'³
539 3236 655 3317 quoad
668 3235 759 3299 diem
771 3235 871 3300 hanc.
899 3234 1090 3299 Confestim
1104 3253 1185 3298 vero
1199 3260 1245 3300 nne
1254 3259 1313 3309 mgr

236 3337 305 3400 duo
334 3336 478 3400 comites
503 3336 562 3400 isti
591 3335 857 3400 Herefordensis
888 3342 923 3399 et
950 3333 1185 3422 marescallus,
1199 3311 1311 3400 ffii'i'tli

236 3435 417 3500 associatis
446 3437 512 3499 sibi
540 3434 657 3499 multis
684 3436 903 3517 magnatibus
937 3441 974 3498 et
1000 3434 1184 3516 plusquam
1198 3411 1295 3501 33¹5}ss

236 3536 380 3617 triginta
405 3535 592 3600 banerettis
613 3535 743 3612 electiS,
760 3540 941 3600 creverunt
959 3535 995 3597 in
1019 3533 1186 3616 populum
1199 3512 1349 3622 ἓξῗοξῖιῗοηιο

236 3636 392 3713 multum,
410 3635 650 3717 numeratique
665 3643 748 3699 sunt
763 3636 799 3699 in
818 3635 915 3717 equis
933 3634 1076 3698 armatis
1093 3633 1186 3696 mille
1199 3612 1310 3662 ‘mm'

237 3735 417 3816 quingenti
438 3735 502 3805 viri
524 3735 677 3817 expediti
702 3735 746 3798 ad
765 3735 912 3812 bellum;
939 3748 973 3798 et
997 3735 1103 3816 coepit
1126 3752 1185 3796 eos

237 3835 358 3898 timere
374 3854 448 3910 rex,
466 3834 698 3899 dissimulavit
718 3842 843 3898 tamen.
898 3833 956 3897 Illi
976 3840 1090 3895 autem
1106 3852 1186 3914 pro·

236 3935 317 3997 lecti
342 3934 377 3996 in
398 3941 508 3996 terras
531 3952 613 3997 suas
635 3934 821 3997 noluerunt
844 3934 1042 4015 permittere
1068 3931 1186 3994 minis·

274 4193 280 4222 ¹
300 4195 702 4257 ‘convocatismagnatibusregni
763 4189 1191 4254 ²RogerBlgodAEarloiNoriolk.

238 4267 297 4330 sui,'
309 4265 366 4316 MS.
379 4265 447 4316 Cott.
458 4265 516 4314 Tib.
764 4259 775 4288 ³
790 4261 959 4325 ‘concilium'
972 4261 1030 4310 MS.
1040 4260 1106 4310 coll.
1118 4260 1189 4310 Arm.
