3144 4990
413 491 479 557 ⁴20
779 507 990 555 ouuomoou

253 681 402 773 upfflp
415 665 544 749 ducatu
554 664 746 728 Britanniae
758 661 1008 747 praetendentes
1019 681 1056 726 se
1066 661 1126 745 jus
1139 645 1277 738 habere,
1287 661 1361 726 fore

252 785 401 854 gff-
415 765 614 841 dissolutas,
630 783 763 847 nosque
779 765 825 826 ab
841 782 959 827 earum
976 761 1217 826 observatione
1233 761 1360 825 liberos

253 864 364 954 {ffrffi
415 870 452 928 et
474 871 622 943 exutos3
649 863 832 946 praefatum
856 862 1068 944 Philippum,
1089 869 1129 925 ut
1157 860 1360 926 violatorem

252 925 370 1003 wlff·
416 963 586 1027 dictarum
611 969 823 1044 treugarum,
857 981 898 1025 ac
923 962 1099 1025 inimicum
1126 969 1162 1025 et
1199 979 1360 1052 persecu-

253 1014 387 1062 osrnlngtlre

253 1063 405 1162 ww
417 1070 527 1126 torem
542 1070 696 1126 nostrum
712 1060 907 1144 capitalem,
920 1068 955 1124 et
971 1060 1068 1142 regni
1082 1062 1192 1124 nostri
1205 1060 1362 1124 Franciae

253 1163 339 1252 idle
418 1168 659 1245 occupatorem
690 1162 866 1245 injustum,
894 1167 930 1224 et
952 1160 1098 1223 aliorum
1124 1160 1256 1244 jurium
1281 1178 1361 1223 nos-

255 1261 322 1311 ¹¹¹¹³·
419 1269 550 1325 trorum
587 1261 807 1325 temerarium
844 1261 1052 1336 invasorem,
1085 1259 1176 1324 sicut
1215 1259 1362 1340 impellit

418 1361 618 1436 necessitas,
655 1359 871 1438 diffidamus;
910 1365 1141 1441 protestantes
1178 1376 1241 1421 nos
1270 1359 1361 1421 nolle

418 1460 602 1541 quicquam
617 1459 652 1521 in
671 1459 848 1535 offensam,
867 1458 959 1540 quod
979 1459 1082 1532 absit,
1099 1458 1208 1540 ipsius
1231 1457 1362 1520 domini

418 1559 543 1622 summi
580 1557 753 1640 pontificis
789 1558 845 1621 vel
890 1557 982 1620 sedis
1024 1557 1236 1638 apostolicae,
1273 1575 1360 1637 quos

417 1658 567 1721 revereri
592 1658 750 1738 cupimus
776 1657 812 1720 iu
838 1657 1007 1733 omnibus,
1033 1663 1073 1718 ut
1098 1656 1271 1731 debemus,
1297 1675 1361 1720 nec

419 1757 455 1820 iu
473 1755 621 1838 alicujus
635 1756 796 1840 iujuriam
818 1762 1047 1837 attemptare3
1070 1755 1131 1818 sed
1150 1754 1262 1819 solum
1282 1773 1362 1818 cum

419 1855 579 1919 ordinato
600 1855 831 1918 moderamine
856 1854 939 1938 jura
972 1862 1091 1918 nostra
1115 1855 1287 1936 prosequi,
1327 1862 1362 1918 et

418 1953 600 2018 defendere
628 1973 693 2018 uos
722 1963 757 2018 et
786 1963 916 2018 nostra.
977 1953 1042 2017 Est
1076 1961 1191 2017 tamen
1226 1971 1362 2033 semper

418 2053 618 2117 intentionis
633 2061 762 2118 nostrae
778 2073 899 2136 paoem
914 2053 1152 2117 rationabilem
1169 2051 1364 2118 amabiliter

419 2152 611 2229 admittere,
647 2172 725 2217 cum
762 2171 839 2216 eam
880 2152 1007 2216 habere
1047 2153 1237 2234 poterimus
1272 2154 1362 2214 bono

418 2251 520 2314 modo
533 2271 542 2331 3
566 2251 641 2315 haec
656 2261 784 2329 autem,
795 2271 872 2334 quoe
886 2258 1027 2334 propter
1039 2251 1211 2316 defectum
1222 2250 1365 2314 remedii

417 2349 563 2414 facimus
587 2359 622 2416 et
643 2352 755 2428 iuviti,
779 2351 872 2415 dicto
896 2351 1032 2415 domino
1054 2370 1188 2416 summo
1211 2351 1364 2433 pontifici

417 2450 641 2532 praefatisque
682 2451 927 2527 cardinalibus,
968 2470 1030 2533 per
1072 2469 1217 2531 quorum
1257 2449 1363 2513 medi-

419 2550 567 2612 ationem
602 2549 704 2613 dictis
733 2551 864 2631 treugis
889 2549 1136 2625 consensimus,
1167 2549 1362 2630 significare

418 2646 594 2725 duximus,
623 2667 685 2728 per
720 2667 791 2724 eos,
827 2657 867 2711 ut
902 2667 1065 2730 personas
1097 2649 1239 2725 medias,
1270 2649 1362 2731 parti

418 2744 519 2811 alteri
535 2745 679 2810 ulterius
695 2748 897 2812 intimanda.
951 2748 1009 2825 Et,
1024 2768 1067 2811 ne
1087 2747 1180 2812 fama
1198 2748 1362 2825 volatilis,

417 2841 508 2909 lictis
538 2853 573 2909 et
600 2846 818 2911 detractoriis
846 2847 1017 2911 conducta
1041 2847 1219 2923 relatibuS,
1241 2867 1303 2911 vos
1326 2847 1362 2908 iu

417 2943 484 3007 hac
521 2952 620 3027 parte
652 2946 745 3010 aliud
779 2947 821 3009 de
850 2947 950 3010 uobis
990 2948 1117 3011 sentire
1154 2947 1273 3023 faciat,
1305 2945 1362 3009 vel

417 3043 604 3107 amicorum
620 3046 725 3108 corda
738 3046 927 3128 perturbet,
944 3065 1066 3128 puram
1086 3054 1121 3110 et
1130 3045 1263 3128 justam
1280 3044 1363 3108 sacti

418 3143 599 3207 veritatem
617 3145 716 3208 vobis
736 3144 900 3208 duximus
911 3144 1172 3226 explicandam,
1192 3144 1361 3208 universi-

416 3242 483 3306 tati
497 3249 620 3307 vestrae
635 3251 788 3307 nostram
804 3244 1117 3308 recommendantes
1132 3244 1361 3307 innocentiam

416 3347 452 3403 et
461 3340 610 3424 justitiae
626 3343 818 3407 veritatem.
864 3344 996 3408 Datum
1013 3344 1105 3426 apud
1122 3343 1360 3407 Westmouas·

416 3440 539 3504 terium
556 3457 634 3504 xlv.
653 3443 708 3507 die
731 3441 842 3521 lunii,
863 3462 954 3506 anuo
976 3444 1072 3524 regui
1098 3443 1206 3506 nostri
1222 3440 1360 3522 Angliae

415 3537 550 3603 decimo
574 3558 677 3616 nouo,
695 3542 792 3622 regni
808 3562 889 3606 vero
904 3543 1013 3606 nostri
1030 3542 1185 3606 Franciae
1200 3549 1311 3606 sexto.

450 3741 593 3822 Qualiter
609 3746 677 3809 Iler
690 3747 839 3812 Frooolae
852 3751 977 3834 serpsit
991 3749 1104 3814 Doot'd
1119 3749 1197 3834 Repr'
1214 3747 1332 3812 Scotiae.

260 3904 287 3942 A·
295 3904 324 3945 ¹>-
334 3902 392 3944 1246·
466 3891 547 3957 Hoc
574 3913 665 3958 auno
693 3916 755 3960 rex
779 3895 917 3979 Angliae
932 3898 1124 3962 Edwardus
1147 3905 1360 3980 congregato

251 3968 365 4059 filiani?
414 4010 540 4074 magno
573 3995 739 4072 exercitu,
765 3999 912 4062 transito
941 4018 1105 4081 prospere
1137 3999 1235 4073 mari,
1266 3997 1357 4078 apud

251 4068 382 4120 ⁸⁰¹mll·
412 4090 586 4174 ‘Hogges
597 4087 626 4124 '¹
645 4095 681 4157 iu
697 4094 913 4161 Normanuia
927 4099 1105 4180 applicuit.
1151 4096 1244 4162 Ante
1259 4097 1359 4181 cujus

685 4257 693 4288 ¹
711 4262 750 4311 La
761 4262 855 4325 Hogue
867 4265 893 4312 in
905 4265 941 4312 Le
954 4264 1078 4313 Goteutiu.
