3126 4986
388 443 433 508 28
762 459 973 508 cunorucon

238 632 329 721 pepp
321 632 358 721 ²91¹-
389 617 575 699 plurimum
604 615 801 681 Babilonici
829 615 1059 699 persecutoris
1091 616 1339 679 ‘immanitas’¹

225 708 375 744 -·.·..·
390 716 625 780 christianum
651 717 856 797 sanguinem
882 717 1033 780 sitientis
1059 721 1096 779 et
1113 716 1150 779 in
1174 714 1340 779 Christia-

389 815 511 880 nitatis
522 815 762 879 exterminium
775 815 963 897 aspirantis
979 822 1186 890 extremum,
1197 833 1271 877 suae
1285 834 1341 876 ne-

388 915 503 979 fandae
520 916 685 998 potentiae
698 915 839 991 viribus,
856 915 1035 977 innumera
1050 913 1211 977 videlicet
1223 913 1340 976 multi·

388 1014 506 1078 tudine
525 1022 747 1090 armatorum,
764 1014 931 1078 machinis
946 1013 1115 1095 plurimis,
1135 1019 1171 1076 et
1187 1011 1265 1075 aliis
1288 1013 1340 1074 in-

388 1113 590 1177 strumentis
615 1114 761 1190 bellicis,
775 1112 996 1194 congregatis
1018 1118 1140 1176 contra
1160 1111 1339 1175 civitatem

388 1212 620 1291 Aconensem,
635 1232 698 1294 pro
720 1213 821 1294 cujus
840 1213 986 1276 tuitione
1009 1210 1254 1284 continuanda,
1273 1212 1341 1273 sic-

389 1319 430 1375 ut
442 1320 593 1376 vestram
613 1332 681 1376 non
706 1311 877 1374 credimus
894 1311 1003 1374 latere
1015 1308 1235 1385 ‘notitiam,'²
1251 1329 1340 1390 prae-

388 1411 483 1475 dicta
505 1412 650 1476 ecclesia
665 1411 802 1476 labores
817 1410 994 1493 plurimoS,
1005 1428 1106 1472 curas
1132 1409 1340 1484 innumeras,

389 1517 425 1573 et
444 1512 566 1592 gravia
589 1529 695 1575 onera
716 1510 859 1592 pertulit
885 1528 1127 1591 expensarum,
1150 1508 1274 1570 saltem
1300 1517 1340 1571 ut

389 1617 576 1692 expectare
597 1609 768 1672 sufficeret
787 1609 940 1690 passagii
965 1607 1135 1689 generalis
1153 1607 1340 1670 adventurn

388 1709 424 1772 in
446 1708 556 1790 galeis
580 1707 726 1790 aliisque
744 1709 837 1771 vasis
861 1707 1054 1783 maritimis,
1069 1706 1170 1788 copia
1192 1704 1340 1769 bellato-

387 1827 463 1870 rum
494 1816 529 1871 et
555 1807 659 1870 etiam
686 1807 908 1889 pecuniarum
933 1808 1075 1870 summis
1103 1805 1340 1869 subveniendo

387 1906 548 1983 sollicite,
564 1914 668 1988 prout
690 1907 868 1988 suggessit
891 1905 1019 1969 exinde
1042 1905 1203 1969 nuntiata
1225 1924 1340 1968 neces-

388 2007 488 2083 sitas,
504 2014 539 2070 et
554 2006 661 2070 series
675 2025 780 2088 super
795 2006 860 2068 boc
875 2005 1001 2069 oblatae
1019 2004 1148 2087 pluries
1164 2004 1340 2086 petitionis

387 2107 519 2188 exegit,
534 2107 570 2169 in
585 2105 639 2168 ira
659 2106 853 2188 spirituque
870 2105 997 2168 furoris
1015 2104 1215 2186 procedens,
1232 2102 1337 2166 hosti-

387 2201 467 2267 liter
483 2206 661 2269 civitatem
687 2205 797 2285 ipsam
825 2203 935 2266 multo
957 2222 1078 2267 revera
1102 2202 1231 2285 populo
1249 2222 1356 2288 prees

387 2302 506 2382 ditam,
539 2303 656 2366 multae
685 2302 875 2366 nobilitatis
917 2303 1029 2366 titulis
1064 2301 1277 2383 insignitam,
1304 2309 1340 2365 et

388 2401 558 2464 bonorum
591 2399 767 2478 affluentia
803 2401 1015 2483 opulentam,
1052 2420 1131 2483 quae
1169 2401 1340 2464 universis

390 2499 606 2564 Christicolis
620 2501 805 2563 transitum
829 2501 874 2564 ad
898 2509 1016 2582 partes
1038 2500 1118 2564 illas
1135 2500 1341 2564 habentibus

390 2599 607 2680 potissimum
628 2607 663 2662 et
679 2600 869 2682 principale
887 2599 1058 2681 refugium
1078 2600 1262 2676 existebat,
1280 2601 1341 2662 ob·

390 2697 492 2775 sedit,
508 2718 584 2762 eam
606 2707 799 2781 angustans
815 2699 942 2782 aptiuS,
958 2718 1000 2762 ac
1016 2700 1128 2782 ipsam
1144 2719 1213 2762 non
1230 2699 1339 2761 modi-

390 2815 465 2859 cam
492 2797 643 2860 fidelium
666 2799 813 2880 copiam,
837 2805 920 2862 tunc
940 2799 1023 2861 inibi
1051 2799 1271 2875 morantium,
1290 2799 1340 2860 sic

389 2894 529 2977 injustis
546 2905 581 2961 et
596 2897 755 2961 invalidis
777 2895 1149 2980 ‘impugnationibus'³
1164 2897 1339 2960 machina-

389 3015 465 3058 rum
480 2997 674 3078 ictibusque
698 2997 879 3059 missilium
903 2997 1082 3079 modisque
1106 2995 1183 3059 aliis
1208 2996 1340 3059 bellicis

388 3114 451 3175 per
477 3116 545 3160 non
571 3097 695 3160 modici
725 3097 888 3178 temporis
911 3097 1061 3178 spatium
1084 3095 1139 3158 die
1167 3103 1339 3177 noctuque

389 3193 576 3260 insultibus
591 3196 753 3261 violentis
771 3195 932 3276 impetiit,
945 3194 1147 3276 cunctisque
1159 3194 1340 3258 conatibus

387 3292 619 3358 indesinenter
644 3296 828 3377 oppressit,
859 3294 952 3377 quod
977 3313 1051 3357 eam
1077 3295 1228 3370 tandem,
1244 3295 1339 3356 inco·

387 3388 499 3453 larum
519 3393 628 3473 ipsius
651 3400 685 3455 et
712 3403 913 3458 caeterorum
935 3399 1018 3456 tuno
1041 3393 1167 3456 ibidem
1186 3412 1337 3474 praesen-

387 3489 472 3550 tium
493 3491 625 3553 viribus
651 3493 825 3571 superatis
850 3491 888 3554 iu
912 3511 996 3555 arcu
1024 3499 1058 3555 et
1084 3492 1248 3573 pharetra
1268 3492 1340 3554 fur·

387 3588 525 3650 entibus
566 3588 692 3670 gladiis
721 3590 988 3672 comprehendit,
1054 3591 1099 3654 In
1132 3590 1234 3673 cujus
1266 3599 1335 3654 tam

387 3686 529 3764 sinistri,
546 3695 616 3750 tarn
638 3687 775 3766 flebilis,
792 3696 932 3772 tamque
948 3689 1100 3754 dolorosi
1125 3697 1268 3753 eventus
1284 3709 1339 3752 ar-

387 3785 507 3862 ticulo,
531 3805 608 3850 cum
634 3788 839 3870 religionum
866 3788 1005 3853 Christo
1021 3789 1243 3852 militantium
1269 3788 1339 3849 fra-

386 3890 457 3947 tres
495 3886 623 3968 aliique
654 3888 899 3970 quamplurimi
936 3889 1041 3952 armis
1080 3889 1238 3963 accincti,
1276 3888 1340 3949 viri

422 4061 427 4088 ¹
447 4062 642 4125 ‘unanimitas,’‚
670 4065 746 4114 MSS.
781 4063 846 4114 coll.
908 4059 1179 4126 ’‘impugnantibus,'
1199 4063 1255 4112 MS.
1273 4062 1338 4112 Coll.

383 4133 455 4180 Arm.
467 4133 518 4180 und
529 4133 595 4183 cett.
604 4134 661 4184 Tib.
872 4133 953 4193 Arm,
965 4132 1338 4195 ‘oppugnantibus,’MS.Oott.

418 4197 428 4226 ²
444 4201 637 4266 ‘praesentiam’
649 4203 844 4254 Mscottllb.
870 4203 927 4252 l'ib.
