3126 4986
454 511 625 561 wnnrnm
650 513 696 560 nu
719 509 1003 564 unumonunorr.
1154 503 1198 566 53

238 791 394 870 Quomodo
404 795 472 858 mo
486 805 588 860 nostor
597 795 715 861 Fooos
726 796 802 862 totu
814 818 883 862 oum
895 798 975 884 Regio
989 797 1192 864 Alomoowo‘ae.
1214 825 1343 916 idh'hioi'

243 967 245 974 '
299 965 406 1030 Anno
433 967 577 1033 Domini
613 985 800 1032 mccch.
833 969 927 1033 misit
958 969 1021 1033 rex
1052 968 1191 1052 Angliee
1203 980 1356 1082 fflgffth

235 1062 412 1129 dominum
435 1065 628 1131 Antonium
653 1065 729 1130 Bek
755 1069 955 1150 episcopum
978 1069 1192 1134 Duuolmen-
1314 1061 1319 1072 ’

235 1161 329 1226 sem¹
361 1166 405 1228 ud
436 1185 552 1247 regem
568 1165 793 1230 Alemanniae
822 1175 862 1230 ut
895 1168 1008 1231 foedus
1037 1188 1115 1233 cum
1149 1189 1190 1234 eo
1276 1214 1278 1218 -

235 1262 350 1339 iniret,
379 1265 568 1346 quinatis,
594 1272 634 1329 ut
659 1266 795 1341 dicitur,
827 1283 887 1334 nx.
915 1267 1066 1330 millibus
1092 1267 1189 1332 libris

234 1362 493 1444 sterlingorum,
509 1365 757 1428 conventiones
775 1372 810 1428 et
824 1373 928 1447 pacta
942 1386 1020 1431 cum
1035 1386 1077 1430 eo
1099 1367 1188 1444 iniit,

234 1462 328 1540 qnod
344 1463 476 1526 scilicet
490 1483 600 1545 usque
615 1465 660 1526 ad
677 1472 809 1528 certum
828 1471 963 1547 tempus
979 1465 1188 1548 praefinitum

232 1561 308 1640 regi
333 1570 453 1625 nostro
476 1571 511 1626 et
538 1563 610 1626 suis
638 1571 759 1626 contra
782 1584 897 1644 regem
916 1564 1130 1628 Francorum
1152 1574 1188 1630 et

232 1675 327 1735 suos
358 1680 435 1723 cum
464 1663 558 1724 omni
588 1663 710 1726 robore
742 1664 916 1727 exereitus
945 1665 1010 1740 sui,
1040 1664 1188 1728 fideliter

231 1759 425 1836 assisteret,
453 1761 654 1844 veniretque
686 1763 722 1824 in
759 1781 876 1825 eorum
909 1764 1077 1827 auxilium
1107 1783 1186 1826 curn

233 1864 328 1921 esset
356 1857 564 1923 sufficienter
594 1862 844 1942 praemunitus:
884 1863 1044 1925 convenit
1082 1864 1187 1927 etiam

232 1956 326 2037 quod
364 1966 485 2022 neuter
510 1978 628 2022 eorum
666 1961 797 2042 absque
842 1960 951 2024 altero
984 1980 1062 2024 cum
1104 1981 1186 2042 rege

235 2054 392 2120 Frunoiae
422 2059 649 2122 concordaret
678 2059 735 2122 vel
765 2058 879 2122 foedus
910 2059 1013 2122 iniret
1045 2079 1186 2142 quoquo

233 2155 356 2229 modo;
396 2175 475 2237 quoe
507 2158 646 2240 quidem
673 2167 779 2240 pacta
810 2159 963 2238 segniter
990 2160 1116 2236 tenuit,
1146 2167 1185 2224 nt

230 2259 328 2335 patet
342 2255 495 2319 inferius.

393 2455 519 2540 Bromii
535 2477 620 2520 ormo
636 2456 805 2542 dopositum
824 2456 859 2522 io
874 2455 1034 2520 Eookso'o'e.

279 2603 425 2667 Eodem⁹
438 2625 531 2669 anuo
545 2626 608 2668 rex
621 2604 774 2687 Angliec,
784 2607 900 2669 nescio
912 2602 1105 2688 ‘quornm’³
1116 2605 1181 2668 fre
1194 2632 1240 2672 me
1250 2633 1309 2682 nno

228 2710 287 2780 tus
297 2705 452 2781 consilio,
466 2725 602 2768 omnem
615 2707 795 2788 pecuniam
806 2714 1022 2768 numeratam
1036 2712 1071 2768 et
1080 2724 1181 2768 omne
1193 2684 1314 2781 hiddi&

226 2803 423 2884 depositum
452 2805 488 2866 in
518 2805 673 2868 eeclesiis
700 2805 982 2880 cathedralibus,
1021 2804 1179 2867 domibus
1192 2783 1343 2874 idithim.
1392 2825 1396 2828 ·

226 2902 409 2982 religiosis,
421 2910 455 2966 et
470 2905 638 2969 universis
653 2903 911 2986 gazophylaciis
926 2903 1127 2967 clericorum
1144 2910 1179 2966 et
1191 2883 1328 2972 ihieifm*

226 3000 407 3078 laicorum,
418 3002 633 3085 fratrumque
647 3003 919 3066 Praedicatorum
938 3009 973 3064 et
992 3003 1178 3076 Minorum,

226 3106 499 3183 caeterorumque
526 3102 684 3165 ordinum
706 3103 871 3176 omnium,
897 3106 1022 3182 quarto
1046 3100 1179 3163 scilicet

225 3199 281 3262 die
308 3199 397 3264 Julii
427 3201 513 3264 hora
548 3204 663 3277 tertia,
706 3221 768 3282 per
800 3199 977 3261 ministros
1014 3216 1095 3260 suos
1133 3199 1178 3261 od

224 3298 290 3362 hoo
315 3301 577 3380 praeordinatos,
603 3301 704 3381 quasi
728 3318 773 3362 ex
800 3297 988 3380 improviso
1013 3297 1117 3378 cepit,
1143 3305 1179 3361 et

225 3398 261 3459 in
291 3400 451 3462 aerarium
487 3419 587 3462 suum
622 3399 811 3461 Londoniis
844 3397 988 3478 ‘reponi
1026 3393 1178 3480 jussit,'‘

224 3496 437 3580 multamque
452 3498 632 3580 pecuniam
656 3504 862 3562 consecutus
880 3509 932 3560 est
959 3515 1063 3577 quam
1088 3515 1175 3558 nun·

258 3717 265 3748 ¹
282 3720 336 3770 The
351 3723 528 3771 ambassudors
541 3737 607 3770 were
619 3721 687 3770 John
711 3720 763 3768 had
781 3721 926 3769 committed
944 3734 960 3767 a
976 3720 1074 3767 similar
1091 3723 1133 3768 adt
1150 3721 1180 3766 of

221 3791 374 3852 archbishop
395 3791 424 3840 of
440 3791 550 3854 Dublin‚
567 3791 687 3850 Anthony
712 3792 847 3849 extortion,
858 3790 896 3837 for
907 3788 992 3836 which
1010 3789 1041 3836 he
1059 3789 1177 3836 received

222 3861 313 3921 bishop
350 3862 379 3909 os
410 3861 537 3922 Durhum,
565 3860 687 3908 Florence
712 3874 728 3907 a
744 3873 830 3908 severe
846 3859 943 3907 rebuke
959 3858 1022 3905 from
1039 3857 1082 3905 the
1100 3871 1176 3916 pope.

222 3934 299 3977 count
317 3929 348 3976 of
360 3930 474 3980 Holland
493 3931 544 3979 und
563 3930 687 3990 Zenlund,
713 3929 815 3991 Rymer,
831 3927 950 3988 Foederu,
961 3927 979 3975 i.
993 3929 1061 3984 631.;
1079 3926 1177 3987 Brady,

222 4000 272 4047 und
294 3999 374 4062 Hugh
393 4001 417 4048 le
435 4000 594 4061 Despenoer.
639 4000 686 4048 See
713 3998 785 4047 Oont.
797 3997 867 4045 Hist.
880 3996 955 4056 Engl.
967 4010 993 4055 p.
1006 3998 1046 4042 13.

222 4069 325 4131 Rymer,
349 4070 459 4118 Foedere
481 4071 499 4117 i.
522 4073 580 4131 sm,
602 4069 687 4118 where
747 4066 858 4126 ³‘q110‚'
886 4063 964 4111 MSS·
994 4061 1089 4110 Lausd·
1126 4061 1176 4109 and

223 4139 265 4186 the
288 4138 391 4187 articles
413 4140 442 4187 of
468 4139 511 4188 the
539 4143 622 4200 treoty
644 4152 687 4186 ere
713 4135 781 4185 Oott.
792 4134 850 4182 Tib.
893 4187 895 4192 ¹

223 4209 297 4270 given
310 4212 337 4256 at
347 4208 405 4256 full.
748 4203 757 4232 ⁴
775 4200 931 4264 ‘reponem'
943 4200 1002 4250 MS.
1014 4199 1081 4249 Ooll.
1092 4200 1177 4271 Armj

259 4275 269 4304 ²
286 4278 381 4326 Eleven
394 4293 470 4338 years
478 4278 562 4327 before
576 4277 688 4325 Edwurd
713 4271 863 4336 ‘reposuit'
875 4271 932 4322 MS.
945 4269 1013 4321 Oott.
1022 4270 1079 4319 Tib.
1095 4335 1099 4342 ι
