3138 4988
416 489 485 556 288
786 502 998 554 canonicor
1075 496 1079 502 '

264 677 398 768 {iffi}
420 663 631 749 provinciale
679 665 862 729 concilium
897 666 943 728 sit
989 663 1171 728 Romanus
1215 651 1373 746 pontifex

291 755 331 768 '¹
394 752 703 830 ¹consulendusi”
1283 750 1287 755 ’

256 893 378 936 rmuan
470 864 689 946 Vocavitqne
707 862 867 927 dominus
885 861 1165 946 archiepiscopus
1182 862 1307 925 iterato
1326 861 1370 924 ad

255 943 347 984 ⁰⁰⁰⁰⁰¹¹'
418 964 603 1028 concilium
618 983 720 1026 suum
740 962 950 1046 provinciale
966 981 1085 1026 omnes
1105 961 1270 1043 praelatos
1290 980 1371 1042 pro—

420 1063 543 1128 vinciae
557 1071 751 1145 exemptos,
763 1062 807 1126 ad
818 1061 908 1124 diem
924 1061 1057 1126 scilicet
1069 1060 1162 1125 lunae
1175 1061 1371 1142 proximam

420 1171 500 1246 post
515 1161 763 1226 Ascensionem
778 1160 940 1234 Domini;
968 1167 1004 1224 et
1017 1161 1157 1224 iteravit
1171 1179 1370 1242 processum

418 1261 463 1326 de
492 1261 712 1345 Templariis,
736 1261 886 1342 fecitque
916 1259 985 1340 legi
1001 1261 1050 1322 -in
1076 1259 1214 1341 publico
1236 1259 1370 1330 bullam

418 1360 547 1426 domini
576 1379 677 1443 papae
706 1359 914 1435 horribilem,
944 1367 1098 1423 tenorem
1124 1359 1184 1441 qui
1214 1359 1373 1442 sequitur

418 1461 662 1524 continentem.

669 1673 779 1739 Litora
794 1673 932 1759 Papalis
946 1673 982 1738 da
996 1673 1127 1738 Harrei.
1171 1765 1174 1768 Ι

269 1888 330 1928 Μ),
341 1890 398 1928 1³0⁸,
469 1855 664 1920 “Clemens
685 1855 882 1936 episcopus,
898 1873 1019 1919 servus
1035 1871 1211 1917 servorum
1230 1852 1306 1929 Dei,
1321 1851 1367 1946 ad

258 1953 408 2044 mihim
419 1965 621 2039 perpetuam
641 1955 691 2018 rei
707 1955 917 2017 memoriam.
970 1951 1027 2016 Ad
1051 1953 1203 2016 omnium
1219 1953 1289 2016 fero
1304 1973 1368 2016 no-

258 2055 389 2145 {ggssgssss
419 2055 532 2120 titiam
552 2055 628 2139 jam
648 2054 818 2118 credimus
838 2053 1038 2134 pervenisse
1061 2051 1210 2116 nefanda
1235 2052 1371 2115 scelera*

256 2153 322 2201 ⁹¹³¹·
419 2163 454 2219 et
484 2155 629 2219 crimina
661 2152 878 2217 abhorrenda
909 2151 1049 2214 haeresis
1075 2152 1231 2228 notoriae,
1262 2171 1369 2233 supra

419 2251 544 2335 quibus
553 2254 639 2318 ordo
650 2260 686 2316 et
697 2271 853 2335 personae
862 2250 1145 2332 Templariorum,
1155 2269 1224 2314 non
1232 2249 1368 2314 levibus

419 2354 632 2434 argumentis
660 2352 720 2414 sed
754 2350 945 2414 manifestis
973 2349 1107 2413 indiciis
1137 2359 1172 2414 ct
1205 2349 1367 2414 violentis

419 2450 1366 2533 praesumptionibusdiffamatinoscuntur‚supcrabnc*¹

419 2551 560 2630 gatione
580 2549 719 2611 Domini
735 2546 926 2612 Salvatoris
943 2549 1053 2612 nostri
1065 2547 1089 2610 J
1092 2567 1153 2610 esu
1170 2547 1312 2626 Christi,
1328 2558 1366 2611 et

418 2667 524 2731 super
554 2646 714 2723 nefanda,
745 2649 927 2710 temeraria
958 2652 993 2711 et
1024 2639 1300 2728 praesumptuosa
1329 2655 1367 2710 et

419 2747 583 2812 haeretica
612 2745 850 2828 conspuitione
873 2766 975 2828 super
1000 2747 1186 2828 imaginem
1210 2746 1364 2829 ejusdem

419 2847 589 2924 crucifixi,
604 2866 735 2910 necnon
756 2852 791 2909 et
813 2865 918 2929 super
933 2845 1087 2927 pluribus
1105 2845 1182 2908 aliis
1197 2845 1364 2920 articulis

418 2966 518 3030 quos,
540 2947 622 3030 quia
649 2939 819 3010 credimus
842 2945 916 3009 fore
939 2945 1104 3020 inanitus,
1124 2944 1271 3028 exprimi
1296 2964 1364 3006 non

419 3053 567 3128 oportet.
620 3045 746 3129 Sicque
761 3044 997 3109 crebrescente
1011 3043 1164 3118 infamia,
1179 3033 1282 3107 etiam
1302 3043 1364 3105 im-

418 3146 627 3210 minentibus
653 3142 828 3209 scandalis
853 3143 1011 3225 plurimis
1042 3143 1181 3206 minime
1212 3149 1365 3206 contem-

418 3247 550 3320 nendis,
580 3264 658 3327 quae
691 3264 758 3308 non
793 3242 916 3306 leviter
946 3249 1054 3305 totam
1087 3241 1366 3306 scandalizabant

419 3345 612 3420 ecclesiam,
628 3349 774 3424 urgente
791 3341 1012 3417 conscientia,
1030 3351 1092 3422 per
1113 3348 1224 3404 totum
1249 3342 1364 3404 orbem

419 3450 588 3506 terrarum
600 3442 806 3524 jamdudum
824 3441 917 3524 ipsos
935 3440 1013 3522 capi
1027 3438 1278 3504 mandavimus.
1319 3439 1366 3502 Et

419 3540 558 3604 tandem
575 3541 743 3621 coepimus
766 3559 870 3620 super
891 3539 957 3602 hiis
975 3547 1097 3603 contra
1114 3557 1173 3602 eos
1195 3539 1366 3620 inquirere

418 3639 480 3721 pe'r
513 3657 575 3700 nos
606 3639 713 3720 ipsos,
749 3638 922 3702 nonnullis
958 3658 1002 3702 ex
1040 3638 1204 3701 fratribus
1239 3638 1368 3702 nostris

418 3737 594 3802 accersitis
616 3737 660 3800 ad
684 3737 942 3818 inquisitionem
964 3737 1165 3819 praedictam
1188 3737 1365 3800 nobiscum

417 3837 552 3901 solicite
584 3836 826 3922 peragendam.
895 3837 940 3899 Et
973 3837 1112 3899 tandem
1145 3825 1365 3920 praesentatis

418 3935 517 4003 nobis
539 3937 695 4022 personis
712 3935 840 4000 eisdem
864 3955 929 3999 non
951 3954 1058 4017 parvo
1077 3934 1136 3997 sed
1161 3935 1284 4016 grandi
1301 3943 1366 3997 uu*

418 4057 525 4114 mero,
541 4057 609 4101 non
624 4036 711 4101 levis
726 4035 787 4099 sed
803 4053 938 4116 magnac
956 4034 1173 4098 auctoritatis
1189 4033 1270 4096 viris
1285 4034 1364 4097 olim

417 4136 451 4200 in
477 4138 595 4200 ordine
624 4135 782 4218 praefato,
810 4133 1058 4208 sacerdotibus,
1084 4133 1366 4214 praeceptoribus

417 4235 583 4298 militibus
602 4243 636 4298 ct
654 4235 897 4310 servientibus,
911 4252 973 4314 per
987 4225 1104 4296 eorum
1119 4231 1366 4314 contessionem
