3178 4992
422 499 587 546 wnurrnr
611 500 658 546 uu
682 501 963 548 unumceuncn.
1104 485 1170 548 147

215 655 395 734 caudatos,
412 665 448 720 et
464 677 537 739 prae
565 659 746 740 paucitate
756 679 815 723 eos
838 659 1107 735 contemnentes,
1123 679 1168 740 eq
1189 670 1320 762 Edqqq917

214 756 305 835 quod
319 755 497 836 pedestres
514 759 568 820 sui
583 758 686 840 longe
705 759 845 822 fuerant
867 760 911 822 ab
934 759 984 823 eis
999 758 1165 841 separati.
1173 775 1330 852 W

215 853 270 917 Ad
297 855 372 918 haec
390 863 504 919 autem
527 857 754 922 exhortantes
772 878 810 922 se
832 859 942 922 nostri
957 859 1027 922 ad
1017 859 1163 922 invicem
1175 863 1282 902 Suthul·

213 957 390 1034 congressi
414 961 496 1018 sunt
521 977 599 1020 cum
622 957 687 1021 hac
715 958 934 1023 multitudine
961 977 1098 1038 magna,
1129 966 1165 1022 et

213 1055 311 1117 caesis
328 1055 543 1136 quibusdam,
557 1056 714 1138 reliquos
722 1057 759 1119 in
774 1057 892 1139 fugam
907 1064 1163 1134 converterunt,

213 1153 523 1236 concluseruntque
539 1175 598 1218 eos
621 1157 656 1218 in
681 1157 831 1238 quodam
859 1157 1016 1232 marisco,
1033 1176 1161 1237 quous-

212 1271 280 1333 que
302 1254 480 1317 venientes
508 1254 685 1336 pedestres
706 1257 915 1320 occiderunt
943 1275 988 1318 ex
1019 1256 1068 1318 eis
1094 1263 1161 1319 tre-

212 1361 331 1418 centos
356 1359 392 1416 et
417 1362 496 1418 octo
518 1355 623 1431 viroS,
641 1361 676 1417 et
698 1356 867 1434 quosdam
883 1354 1059 1417 duxerunt
1081 1361 1161 1437 capss

211 1451 315 1528 tivos,
347 1453 541 1534 iterumque
572 1461 782 1517 revertentes
811 1454 855 1517 ad
886 1454 1039 1535 praedam
1064 1473 1160 1516 com·

210 1551 396 1615 busserunt
428 1552 612 1633 plusquam
637 1553 756 1616 decem
783 1552 885 1616 villas
910 1552 1042 1616 ibidem
1069 1553 1160 1616 inira

210 1649 337 1714 limites
352 1651 592 1732 parochiarum
607 1661 816 1728 nostrarum,
826 1658 862 1716 et
875 1652 1015 1717 tandem
1031 1654 1158 1718 reversi
1170 1661 1276 1752 gngp

210 1754 315 1814 ‘sunt
323 1747 354 1782 ’²
301 1749 584 1816 tCarliolum
573 1771 611 1815 1n
626 1752 746 1832 vigilia
765 1751 905 1816 Natalis
921 1751 1062 1814 Domini
1079 1771 1158 1816 cum

209 1849 296 1931 ipsis
324 1850 471 1931 captivis
497 1858 533 1915 et
560 1851 679 1933 praeda
700 1870 839 1932 magna.
891 1851 1025 1914 Iterato
1052 1853 1157 1916 etiarn

208 1949 301 2012 circa
322 1949 528 2033 principium
556 1949 842 2030 Quadragesimae
861 1946 1072 2015 transierunt
1096 1951 1160 2014 ibi-

210 2047 300 2125 dem,
310 2055 347 2112 et
361 2048 493 2114 Villam
503 2047 674 2114 Anaudiae
685 2051 904 2132 expoliantes
918 2050 1033 2132 ignem
1050 2069 1159 2133 appo·

210 2154 375 2226 suerunt3
414 2150 473 2230 qui
513 2169 679 2214 accensus
714 2151 824 2214 crevit
865 2149 901 2212 in
941 2150 1160 2228 immensum,

209 2254 244 2312 et
271 2248 460 2312 combussit
485 2251 630 2314 eandem
656 2250 836 2314 ecclesiam
860 2255 1025 2326 nostram,
1049 2257 1085 2312 et
1109 2250 1161 2313 sic

209 2347 321 2428 captis
361 2347 482 2428 spoliis
520 2356 556 2413 et
594 2349 799 2432 quibusdam
837 2349 986 2431 captivis
1029 2350 1158 2414 reversi

209 2453 299 2521 sunt,
333 2453 369 2510 et
401 2455 531 2513 extunc
560 2451 735 2514 vacabant
766 2449 895 2514 mutuis
925 2447 1091 2512 incendiis
1123 2455 1159 2511 et-

208 2545 347 2628 rapinis·

250 2769 377 2837 domitos
391 2770 489 2834 nostri
503 2770 696 2835 reconciliati
712 2780 855 2856 scalper
870 2771 996 2868 Filium
1010 2771 1114 2854 Rapis.

216 2989 218 2992 .
258 2933 416 2998 ‘Dum’⁹
433 2955 454 3000 a
477 2944 581 3017 gente
604 2937 787 3002 Scotorum
810 2937 942 3020 perfida
957 2937 1042 3000 talia
1057 2956 1155 3018 gere·

206 3039 336 3109 rentur,
351 3034 540 3098 consiliarii
555 3037 647 3116 regis
662 3035 790 3100 nostri³
812 3037 872 3118 qui
888 3056 967 3099 cum
979 3036 1048 3098 filio
1064 3035 1157 3114 regis

206 3139 319 3210 erant,
342 3152 506 3214 magnum
523 3134 679 3198 videntes
705 3135 896 3218 periculum
926 3153 996 3198 non
1021 3141 1157 3216 tantum

207 3231 281 3312 regi
321 3233 356 3294 in
392 3234 533 3301 remotis
565 3235 683 3314 agenti
726 3235 786 3300 sed
818 3235 924 3298 etiam
953 3233 1018 3298 toti
1055 3241 1159 3296 terrae

207 3330 411 3412 Anglicanae
448 3333 636 3410 imminere,
674 3334 875 3403 institerunt
912 3333 1005 3415 apud
1048 3332 1157 3396 filium

207 3431 311 3512 regis,
350 3433 409 3514 qui
450 3439 593 3515 propter
623 3433 801 3497 seditionis
840 3432 1031 3515 periculum
1063 3430 1158 3498 Lon·

208 3529 320 3594 doniis
346 3533 549 3596 morabatur
570 3532 661 3596 infra
685 3551 804 3606 muros
821 3533 995 3608 ,civitatis
1028 3538 1067 3595 ut
1098 3547 1156 3601 ,οοι

207 3629 308 3693 mites
338 3632 522 3712 praedictos
554 3632 796 3697 marescallum
828 3631 961 3696 scilicet
985 3639 1021 3696 et
1047 3630 1157 3695 Here-

206 3728 415 3808 fordensem,
441 3733 512 3813 qui,
539 3740 578 3795 ut
606 3732 735 3796 dictum
765 3723 831 3809 est,
856 3752 879 3796 a
908 3738 1007 3814 patre
1029 3749 1094 3794 suo
1122 3731 1158 3792 in

240 3961 249 3994 ¹
267 3963 380 4014 Omitted
392 3965 419 4012 in
431 3963 506 4014 MSS.
518 3963 584 4014 0011.
596 3963 668 4016 Arm.
730 3967 741 3998 ³
756 3965 839 4014 These
849 3979 918 4013 were
930 3963 1042 4012 Richard
1060 3963 1157 4025 Bishop

205 4035 256 4084 and
268 4034 337 4085 Oott.
347 4034 405 4084 Tib.
695 4035 724 4084 oi
739 4035 852 4096 london,
863 4033 977 4082 William
992 4032 1158 4094 Beauchamp

696 4105 757 4152 Earl
775 4104 804 4153 oi
817 4102 958 4163 Warwick,
976 4101 1103 4163 Regiuald
1124 4103 1157 4150 de

241 4171 367 4235 ’‘Gum,'
393 4171 470 4220 MSS.
495 4163 562 4221 coll.
587 4169 669 4234 Arm,
695 4173 777 4234 Gray,
795 4172 864 4222 John
883 4171 994 4233 Giffard,
1016 4171 1067 4219 and
1089 4171 1157 4220 Alan

206 4242 275 4294 Gott.
285 4243 354 4306 Tib,
364 4242 416 4291 and
427 4240 495 4292 cort.
508 4241 587 4302 Vesp.
696 4242 830 4292 Plokeuet.
842 4240 1026 4304 Walsingham
1037 4244 1078 4290 73.

981 4337 1027 4382 t‘i
