3126 4986
392 457 436 520 42
765 469 976 518 cunonrcon

243 645 337 735 {⁶3²5}
338 645 364 734 91i
394 649 461 711 quo
487 631 577 693 inter
606 648 666 692 eos
691 628 779 692 talia
804 629 909 709 longo
934 627 1120 692 certamine
1148 635 1353 708 gererentur

231 721 380 760 -’-·-’
395 729 510 793 missis
530 728 753 793 internunciis
771 727 904 810 placuit
918 727 1057 791 tandem
1075 728 1233 810 partibus
1251 733 1351 790 certo

393 829 449 894 die
471 828 634 911 congredi
656 848 734 891 cum
757 834 831 892 toto
858 828 1051 904 conamine,
1075 827 1207 892 scilicet
1221 833 1349 908 quarto

393 929 526 994 decimo
543 929 599 993 die
614 926 758 1009 Aprilis,
774 927 846 990 fixo
864 927 896 990 le
914 927 1080 991 standard
1100 927 1199 1009 quasi
1222 927 1258 990 in
1275 945 1345 989 me·
1424 922 1427 926 ’

394 1029 451 1095 dio
468 1030 555 1093 mari
576 1029 668 1094 inter
682 1025 847 1109 Angliam
864 1034 900 1092 et
914 1026 1177 1104 Normanniam,
1192 1026 1242 1089 ibi
1256 1027 1347 1090 enirn

394 1149 440 1193 ex
455 1129 629 1194 communi
654 1145 799 1192 assensn
822 1127 1097 1192 anchoraverant
1117 1145 1242 1194 navem
1266 1146 1347 1208 per·
1454 1209 1460 1215 ,

394 1229 558 1310 grandem
597 1235 632 1292 et
662 1245 808 1292 vacuam
840 1227 876 1290 in
915 1227 1053 1308 signum
1092 1226 1348 1308 congressionis
1529 1281 1535 1307 ,

394 1328 581 1392 faciendae:
615 1326 753 1391 interim
781 1345 863 1392 vero
890 1325 1032 1408 Anglici
1053 1328 1272 1392 sociaverunt
1296 1324 1347 1389 eis

395 1426 603 1491 Hibernicos
629 1434 664 1491 et
682 1425 934 1508 Hoylandicos‚
957 1426 1151 1490 Normanni
1176 1446 1259 1494 vero
1285 1426 1348 1489 ads

336 1602 338 1606 Α
393 1529 569 1590 duxerunt
592 1527 658 1590 sibi
680 1526 845 1602 Francos,
867 1526 1111 1602 Flandrenses,
1136 1533 1171 1590 et
1195 1525 1347 1589 marina-

394 1627 465 1691 rios
481 1627 524 1690 de
540 1625 649 1692 Gene.
701 1625 918 1690 Adveniente
935 1626 1072 1690 demum
1088 1625 1155 1703 die,
1174 1645 1346 1690 convene·

395 1726 630 1790 runt-ibidem
656 1727 761 1790 armis
784 1725 916 1790 bellicis
941 1725 1148 1790 sufficienter
1172 1726 1347 1802 instructi,

395 1835 430 1890 et
447 1827 538 1890 sicut
560 1827 596 1890 in
613 1827 663 1890 eis
684 1826 798 1890 suerat
819 1825 1004 1907 disparitas
1027 1827 1219 1890 animorum
1239 1825 1289 1888 sic
1310 1833 1346 1889 et

395 1927 517 1991 eodem
538 1927 594 1990 die
611 1925 758 2007 contigit
779 1926 933 1990 maxima
957 1926 1178 2007 inaequalitas
1203 1925 1347 1988 elemen-

394 2033 523 2104 torum,
547 2026 638 2091 nivis
666 2025 797 2090 scilicet
819 2033 854 2090 et
876 2026 1054 2107 grandinis
1076 2026 1238 2108 ventique
1258 2024 1347 2090 vali-

393 2111 550 2203 dissimi3
577 2135 842 2208 consertumque
862 2133 915 2190 est
940 2145 1047 2206 grave
1071 2125 1234 2207 proelium
1256 2125 1347 2190 inter

233 2234 378 2308 rhenanae
396 2234 527 2308 partes,
556 2233 591 2288 et
624 2225 762 2289 tandem
787 2224 966 2288 victoriam
993 2225 1088 2298 dedit
1116 2226 1246 2290 nostris
1271 2225 1347 2306 ipse

233 2301 362 2388 {iiim
397 2325 495 2388 Deus
539 2324 768 2407 omnipotens,
802 2325 1047 2408 perieruntque
1084 2324 1201 2406 gladio
1236 2324 1348 2388 muita

395 2423 504 2487 millia
518 2430 646 2504 praeter
660 2425 856 2488 submersos
878 2443 957 2487 cum
980 2425 1126 2488 navibus
1142 2425 1242 2507 quasi
1267 2423 1346 2486 infi-

395 2523 501 2600 nitos,
524 2523 805 2605 reduxeruntque
832 2523 944 2588 nostri
963 2532 1108 2600 onustas
1129 2544 1207 2589 cum
1228 2525 1348 2606 praeda

395 2641 502 2686 naves
530 2623 667 2705 circiter
691 2621 811 2687 cena1
863 2623 954 2702 Quae
976 2643 1054 2688 cum
1083 2623 1247 2706 Philippo
1273 2624 1347 2704 regi

395 2722 609 2786 Francorum
641 2723 804 2787 nunciata
833 2722 990 2800 fuissent,
1022 2723 1103 2788 licet
1132 2723 1241 2788 frater
1269 2722 1346 2805 ejus

397 2820 545 2885 Carolus
576 2821 681 2904 hujus
709 2822 845 2887 navalis
874 2822 988 2904 proelii
1015 2830 1138 2887 auctor
1160 2823 1348 2900 extitisset,

396 2921 511 2985 missis
537 2929 653 2986 tamen
677 2922 722 2986 ad
749 2942 868 3004 regom
889 2921 1031 3004 Angliae
1059 2923 1193 2987 nunciis
1218 2923 1346 2987 obnixe

396 3021 497 3103 petiit
511 3022 674 3089 emendas
687 3022 753 3086 sibi
766 3022 849 3099 fieri,
862 3030 1090 3106 auctoresque
1104 3022 1189 3087 facti
1204 3023 1349 3106 punien-

396 3122 460 3186 dos
474 3122 578 3201 tradi,
588 3131 624 3188 et
637 3122 804 3187 infinitam
818 3123 972 3205 pecuniae
987 3141 1157 3186 summam
1168 3142 1232 3205 pro
1246 3121 1348 3204 spoli-

396 3221 512 3288 atione
528 3231 759 3287 meroatorum
774 3242 914 3286 suorum
929 3222 1079 3289 liberari.
1132 3222 1269 3301 Quibus
1284 3241 1346 3284 rex

396 3330 514 3387 noster
549 3317 737 3403 prudenter
768 3322 947 3403 respondit
976 3323 1067 3404 quod
1098 3343 1160 3404 per
1191 3322 1348 3404 proprios
1378 3364 1380 3368 -

396 3421 614 3502 responsales
637 3421 682 3484 ad
705 3422 922 3501 interrogata
943 3422 1188 3503 responderet;
1218 3422 1349 3484 missis-

396 3537 464 3601 que
486 3519 621 3582 nnnoiis
644 3520 784 3600 rogavit
804 3540 920 3601 regem
949 3521 1161 3586 Francorum
1183 3528 1348 3602 tanquam

396 3625 574 3699 parentem
597 3625 632 3682 et
657 3618 834 3682 dominum
860 3628 900 3684 ut
924 3628 1040 3685 certos
1064 3621 1154 3685 diem
1178 3628 1213 3684 et
1233 3620 1346 3684 locum

397 3717 590 3781 nominaret
612 3717 656 3781 ad
681 3738 768 3801 quos
792 3739 871 3783 cum
897 3722 1072 3785 communi
1100 3721 1244 3786 consilio
1271 3720 1350 3784 hinc

396 3818 475 3880 inde
501 3825 738 3899 properarent,
765 3820 994 3884 amicabiliter
1022 3840 1126 3903 super
1153 3819 1351 3904 hujusmodi

398 3919 594 3996 tractaturi,
605 3925 640 3981 et
657 3917 783 3981 facturi
800 3917 943 3983 ulterius
953 3917 1047 4002 quod
1061 3921 1140 4003 ipsa
1155 3922 1205 3984 rei
1223 3920 1351 3984 veritas

236 4039 345 4088 KingEd·
397 4019 569 4084 suaderet.
616 4017 718 4097 Quod
748 4018 886 4101 quidem
917 4020 1072 4084 oblatum
1100 4041 1161 4084 rex
1195 4020 1351 4083 Franciae

234 4091 291 4129 ward
299 4099 358 4128 sum·

435 4173 441 4202 ¹
460 4174 585 4236 Compare
602 4175 665 4224 with
685 4176 735 4226 this
756 4175 798 4224 the
818 4189 860 4223 ac·
885 4175 1353 4238 historiansWilliamdeNengisand

398 4245 859 4296 counts,oiT.WikesandtheFrench
886 4246 986 4294 Paulus
998 4247 1125 4296 AEmilius.
