3144 4990
390 449 458 516 360
760 457 970 516 onnonrcon

231 739 263 780 Μ
265 735 324 828 *3de
336 728 381 776 nr
396 721 540 797 Qualiter
553 721 622 787 Rau
631 716 757 808 Aeolia
768 717 901 788 Gallicis
911 715 1011 786 multu
1021 719 1118 786 Molo
1129 720 1249 796 intulit,
1263 721 1347 784 Tor·

231 839 524 888 *mcum
538 820 660 898 obacdd,
678 829 707 886 ot
721 821 758 886 do
773 821 890 886 Litoris
903 822 984 886 inter
1000 822 1095 907 Rapsa
1108 829 1211 885 malco
1224 819 1340 884 mis,

234 1035 281 1074 rr·
294 1027 384 1090 Eram
448 1017 529 1084 Rex
551 1015 691 1099 Angliae
709 1017 901 1083 Edwardns
921 1037 1000 1081 cum
1015 1037 1080 1093 sue
1094 1017 1217 1082 militia
1235 1017 1350 1080 Fran

236 1083 320 1132 ΜΨ

236 1135 343 1181 neuun
399 1119 488 1184 ciam
516 1118 674 1194 intravit,-
697 1116 797 1180 villas
830 1117 1015 1180 nonnullas
1043 1115 1202 1180 incendio
1233 1115 1349 1178 defor-

400 1217 521 1294 marit,
551 1215 655 1280 bleda
687 1215 852 1292 vastavit,
884 1216 1021 1298 praedas
1049 1216 1134 1297 egit,
1169 1214 1350 1278 civitatem

400 1317 655 1381 Tornacensem
676 1315 884 1380 victualibus
906 1321 941 1378 et
964 1315 1107 1379 armatis
1128 1315 1257 1396 optime
1271 1331 1350 1375 mu-

402 1417 510 1479 nitam
539 1414 685 1477 obsedit.
738 1413 818 1478 Rex
850 1420 966 1478 autem
1000 1412 1166 1490 Francia,
1201 1412 1351 1477 collecto

402 1513 558 1576 exercitu
569 1512 668 1594 quasi
683 1511 934 1589 innumerabili,
946 1519 981 1575 et
995 1512 1121 1576 nostris
1139 1512 1352 1594 temporibus

402 1611 571 1687 inaudito,
592 1611 698 1694 juxta
710 1609 909 1674 Turnacum
927 1611 969 1674 ad
987 1613 1055 1674 tria
1072 1610 1244 1687 milliaria,
1257 1628 1352 1691 aqua
1396 1647 1399 1652 -

403 1709 575 1794 profunda
598 1717 784 1792 utrumque
807 1711 998 1774 exercitum
1025 1718 1235 1786 secernente,
1260 1709 1353 1785 loco,

404 1817 444 1873 ut
470 1809 656 1884 ferebatur,
682 1807 866 1890 paludibus
898 1810 1138 1891 circumsepto,
1165 1817 1354 1872 castrame-

406 1916 501 1972 tatus
523 1915 589 1973 est.
642 1906 808 1984 Tandem,
835 1908 1008 1972 mediante
1037 1908 1211 1990 praecipue
1245 1907 1352 1970 comi·

364 1995 370 2008 ⁸
406 2010 492 2073 tissa
519 2005 711 2071 Hnnoniae¹
739 2014 849 2070 matre
873 2006 1002 2088 reginae
1028 2005 1178 2090 Angliae,
1204 2006 1352 2089 adjectis

406 2107 660 2171 conditionibus
691 2104 809 2168 multis
833 2107 1048 2188 captivisque
1074 2105 1209 2169 interim
1244 2105 1355 2187 partis

406 2206 587 2288 utriusque
603 2205 709 2269 libere
724 2204 887 2282 dimissis,
902 2224 1013 2288 usque
1031 2205 1074 2268 ad
1092 2205 1218 2269 festum
1234 2203 1355 2268 Sancti

408 2305 578 2369 Johannis
607 2304 778 2386 Baptistae
804 2305 900 2367 initae
931 2312 1014 2368 snut
1046 2302 1204 2385 treugae,²
1229 2305 1354 2384 quibus

410 2404 537 2485 elapsis
553 2422 708 2486 paceque
733 2402 946 2485 interreges
971 2404 1120 2468 nondum
1143 2403 1231 2467 forte
1248 2402 1356 2467 refor-

410 2509 517 2578 mata,
533 2503 664 2585 captivi
689 2501 841 2566 redirent
867 2503 910 2566 ad
939 2520 1105 2579 carcerae,
1120 2503 1175 2566 val
1199 2502 1355 2584 redemp-

410 2602 523 2664 tiones
564 2600 739 2664 solverent
774 2609 1003 2682 praetaxatas
1055 2602 1180 2684 Sieque
1212 2603 1354 2664 comites

409 2698 481 2762 duo
498 2698 623 2764 Sarum
647 2705 682 2762 et
704 2699 900 2777 Southfolk‚
916 2702 975 2784 qui
999 2701 1128 2764 dudum
1144 2718 1221 2764 cum
1236 2701 1356 2782 paucis

412 2797 505 2861 villae
527 2816 605 2879 quae
628 2796 771 2861 Insula³
790 2799 917 2863 dicitur
937 2801 1050 2864 minus
1074 2800 1217 2882 provide
1233 2817 1357 2881 appro-

411 2897 559 2978 piantes
577 2916 598 2960 a
614 2896 682 2962 loci
704 2898 826 2962 incolis
842 2899 966 2963 inclusi
982 2907 1064 2962 sunt
1088 2906 1124 2962 et
1138 2900 1244 2981 capti,
1260 2898 1356 2960 Pari·

412 2999 553 3078 slusque
562 2996 620 3059 diu
633 2997 797 3060 carcerali
808 2998 963 3062 custodia
973 2998 1113 3073 detenti,
1125 2998 1219 3062 initis
1229 2997 1358 3078 treugis

412 3094 519 3159 libere
557 3095 689 3160 dimissi
726 3094 890 3176 Angliam
925 3098 1110 3160 redierunt.
1187 3097 1359 3162 Ferehant

413 3196 503 3257 enim
518 3195 685 3272 nonnulli,
701 3196 856 3277 pecuniae
866 3197 1018 3279 inopiam
1032 3195 1226 3276 Anglorum
1243 3213 1358 3277 regem

413 3293 596 3374 plurimum
627 3301 843 3368 coarctasse3
873 3295 902 3356 si
929 3297 1020 3359 enim
1041 3295 1196 3358 thesauri
1223 3296 1358 3378 copiam

413 3391 603 3468 habuisset,
631 3399 773 3474 treugas
804 3391 873 3456 illis
900 3411 970 3457 non
998 3394 1236 3458 concessisset.
1289 3393 1358 3458 Po·

413 3497 531 3553 suerat
542 3509 680 3571 quoque
695 3493 730 3554 in
746 3511 852 3572 regno
868 3512 933 3556 suo
948 3493 1108 3558 custodes
1126 3502 1160 3557 et
1175 3494 1360 3569 ministros
1444 3539 1450 3548 .

415 3586 571 3650 avaritiae
588 3607 675 3664 suae,
700 3597 740 3654 ut
756 3591 949 3668 videbatur,
976 3593 1206 3669 consulenteS,
1231 3593 1361 3674 profec-

413 3683 574 3766 tibusque
584 3687 732 3768 propriis
745 3687 928 3768 inhiantes,
944 3693 1004 3772 qui
1016 3693 1138 3755 salutis
1156 3691 1362 3772 honorisque

451 3849 458 3883 ¹
475 3853 529 3902 'l'he
551 3854 624 3914 Ledy
643 3855 709 3904 June
730 3855 764 3902 ol¹
777 3855 875 3917 Vulois,
900 3872 932 3904 on
943 3856 1066 3918 Monday,
1077 3857 1119 3906 the
1132 3856 1194 3905 aeth
1210 3857 1238 3905 ol
1251 3857 1363 3920 Septem·

414 3923 671 3986 Countessdowager
688 3923 717 3972 oi
741 3924 877 3987 Haineult,
901 3927 955 3985 ber,
966 3927 989 3974 is
1000 3927 1075 3988 given
1086 3931 1113 3974 at
1129 3925 1176 3974 full
1188 3928 1215 3974 in
1231 3927 1273 3975 the
1284 3927 1364 3976 Chro-

415 3994 465 4044 aud
477 3998 504 4042 et
520 3995 572 4042 this
583 3994 813 4054 timeaprolessed
825 4009 875 4043 nun
901 3995 966 4044 niele
993 3995 1023 4044 oi
1047 3995 1142 4044 Rohert
1168 3995 1197 4044 oi
1220 3995 1365 4058 Avesbury,

414 4063 442 4112 in
459 4063 502 4112 the
524 4063 617 4126 Abbey
633 4063 662 4112 of
685 4065 825 4114 Fountaine
843 4079 877 4112 eu
902 4079 928 4126 p.
941 4069 982 4114 66.

415 4134 532 4250 Tain'lffhe
543 4201 606 4251 form
617 4203 646 4252 ci
654 4203 705 4252 this
715 4207 796 4266 truce,
804 4203 880 4252 dated
941 4199 950 4229 ³
967 4203 1044 4253 Lisle.
