<?xml version="1.0" encoding="UTF-8"?>
<!DOCTYPE html PUBLIC "-//W3C//DTD XHTML 1.0 Transitional//EN"
    "http://www.w3.org/TR/xhtml1/DTD/xhtml1-transitional.dtd">
<html xmlns="http://www.w3.org/1999/xhtml" xml:lang="en" lang="en">
 <head>
  <title>
</title>
<meta http-equiv="Content-Type" content="text/html;charset=utf-8" />
  <meta name='ocr-system' content='tesseract 3.04.00' />
  <meta name='ocr-capabilities' content='ocr_page ocr_carea ocr_par ocr_line ocrx_word'/>
</head>
<body>
  <div class='ocr_page' id='page_1' title='image "./chronicondomini00hamigoog_0353.png"; bbox 0 0 3138 4988; ppageno 0'>
   <div class='ocr_carea' id='block_1_1' title="bbox 411 495 1158 563">
    <p class='ocr_par' dir='ltr' id='par_1_1' title="bbox 411 495 1158 563">
     <span class='ocr_line' id='line_1_1' title="bbox 411 495 1158 563; baseline 0.013 -10"><span class='ocrx_word' id='word_1_1' title='bbox 411 503 583 556; x_wconf 66' lang='lat' dir='ltr'>weuram</span> <span class='ocrx_word' id='word_1_2' title='bbox 607 507 654 552; x_wconf 83' lang='lat' dir='ltr'>nu</span> <span class='ocrx_word' id='word_1_3' title='bbox 677 507 960 557; x_wconf 75' lang='lat' dir='ltr'><strong>HEMINGBURGH.</strong></span> <span class='ocrx_word' id='word_1_4' title='bbox 1091 495 1158 563; x_wconf 79' lang='grc'>839</span> 
     </span>
    </p>
   </div>
   <div class='ocr_carea' id='block_1_2' title="bbox 205 657 1317 773">
    <p class='ocr_par' dir='ltr' id='par_1_2' title="bbox 205 657 1317 773">
     <span class='ocr_line' id='line_1_2' title="bbox 205 657 1317 773; baseline 0.007 -49"><span class='ocrx_word' id='word_1_5' title='bbox 205 662 388 726; x_wconf 85' lang='lat' dir='ltr'>excambia</span> <span class='ocrx_word' id='word_1_6' title='bbox 410 673 471 726; x_wconf 87' lang='lat' dir='ltr'>seu</span> <span class='ocrx_word' id='word_1_7' title='bbox 493 684 555 746; x_wconf 90' lang='lat' dir='ltr'>per</span> <span class='ocrx_word' id='word_1_8' title='bbox 580 666 781 733; x_wconf 82' lang='lat' dir='ltr'><strong>exactiones</strong></span> <span class='ocrx_word' id='word_1_9' title='bbox 801 657 972 730; x_wconf 89' lang='lat' dir='ltr'>indebitas</span> <span class='ocrx_word' id='word_1_10' title='bbox 998 673 1033 730; x_wconf 92' lang='lat' dir='ltr'>et</span> <span class='ocrx_word' id='word_1_11' title='bbox 1050 668 1154 732; x_wconf 88' lang='lat' dir='ltr'>vecti·</span> <span class='ocrx_word' id='word_1_12' title='bbox 1169 683 1317 773; x_wconf 48' lang='lat' dir='ltr'>effunge-</span> 
     </span>
    </p>
   </div>
   <div class='ocr_carea' id='block_1_3' title="bbox 204 759 1322 856">
    <p class='ocr_par' dir='ltr' id='par_1_3' title="bbox 204 759 1322 856">
     <span class='ocr_line' id='line_1_3' title="bbox 204 759 1322 856; baseline 0.013 -35"><span class='ocrx_word' id='word_1_13' title='bbox 204 759 310 841; x_wconf 84' lang='lat' dir='ltr'>galia,</span> <span class='ocrx_word' id='word_1_14' title='bbox 328 781 407 826; x_wconf 92' lang='lat' dir='ltr'>oum</span> <span class='ocrx_word' id='word_1_15' title='bbox 429 762 648 841; x_wconf 88' lang='lat' dir='ltr'>sufficienter,</span> <span class='ocrx_word' id='word_1_16' title='bbox 666 765 828 829; x_wconf 84' lang='lat' dir='ltr'>laudetur</span> <span class='ocrx_word' id='word_1_17' title='bbox 850 767 959 841; x_wconf 91' lang='lat' dir='ltr'>Deus,</span> <span class='ocrx_word' id='word_1_18' title='bbox 977 785 1040 846; x_wconf 91' lang='lat' dir='ltr'>pro</span> <span class='ocrx_word' id='word_1_19' title='bbox 1058 773 1151 831; x_wconf 89' lang='lat' dir='ltr'>statu</span> <span class='ocrx_word' id='word_1_20' title='bbox 1168 787 1322 856; x_wconf 51' lang='grc' dir='ltr'>Μ</span> 
     </span>
    </p>
   </div>
   <div class='ocr_carea' id='block_1_4' title="bbox 205 863 1277 946">
    <p class='ocr_par' dir='ltr' id='par_1_4' title="bbox 205 863 1277 946">
     <span class='ocr_line' id='line_1_4' title="bbox 205 863 1277 946; baseline 0.004 -24"><span class='ocrx_word' id='word_1_21' title='bbox 205 868 325 924; x_wconf 90' lang='lat' dir='ltr'>nostro</span> <span class='ocrx_word' id='word_1_22' title='bbox 348 864 603 927; x_wconf 90' lang='lat' dir='ltr'>manutenendo</span> <span class='ocrx_word' id='word_1_23' title='bbox 620 870 655 928; x_wconf 92' lang='lat' dir='ltr'>et</span> <span class='ocrx_word' id='word_1_24' title='bbox 677 865 830 946; x_wconf 85' lang='lat' dir='ltr'>regendo</span> <span class='ocrx_word' id='word_1_25' title='bbox 857 865 1066 938; x_wconf 86' lang='lat' dir='ltr'>habeamus;</span> <span class='ocrx_word' id='word_1_26' title='bbox 1091 866 1152 928; x_wconf 89' lang='lat' dir='ltr'>sed</span> <span class='ocrx_word' id='word_1_27' title='bbox 1169 863 1227 914; x_wconf 53' lang='grc' dir='ltr'>ΚΜ</span> <span class='ocrx_word' id='word_1_28' title='bbox 1235 867 1277 905; x_wconf 69' lang='lat'>1²¹⁶·</span> 
     </span>
    </p>
   </div>
   <div class='ocr_carea' id='block_1_5' title="bbox 1167 915 1311 956">
    <p class='ocr_par' dir='ltr' id='par_1_5' title="bbox 1167 915 1311 956">
     <span class='ocr_line' id='line_1_5' title="bbox 1167 915 1311 956; baseline 0.028 -4"><span class='ocrx_word' id='word_1_29' title='bbox 1167 915 1223 954; x_wconf 75' lang='lat' dir='ltr'>ward</span> <span class='ocrx_word' id='word_1_30' title='bbox 1232 919 1311 956; x_wconf 70' lang='lat' dir='ltr'>arsen·</span> 
     </span>
    </p>
   </div>
   <div class='ocr_carea' id='block_1_6' title="bbox 168 959 1316 4296">
    <p class='ocr_par' dir='ltr' id='par_1_6' title="bbox 168 959 1316 4296">
     <span class='ocr_line' id='line_1_6' title="bbox 205 959 1316 1054; baseline 0.006 -34"><span class='ocrx_word' id='word_1_31' title='bbox 205 959 362 1024; x_wconf 88' lang='lat' dir='ltr'>subditos</span> <span class='ocrx_word' id='word_1_32' title='bbox 394 968 544 1038; x_wconf 89' lang='lat' dir='ltr'>nostros,</span> <span class='ocrx_word' id='word_1_33' title='bbox 568 969 736 1044; x_wconf 88' lang='lat' dir='ltr'>quantum</span> <span class='ocrx_word' id='word_1_34' title='bbox 763 964 965 1045; x_wconf 77' lang='lat' dir='ltr'>poterimus,</span> <span class='ocrx_word' id='word_1_35' title='bbox 989 963 1153 1028; x_wconf 83' lang='lat' dir='ltr'>alleviare</span> <span class='ocrx_word' id='word_1_36' title='bbox 1166 964 1316 1054; x_wconf 50' lang='lat' dir='ltr'>{gffi&#39;gssn</span> 
     </span>
     <span class='ocr_line' id='line_1_7' title="bbox 168 1061 1310 1148; baseline 0.005 -28"><span class='ocrx_word' id='word_1_37' title='bbox 168 1142 170 1148; x_wconf 16' lang='lat' dir='ltr'><strong><em>s</em></strong></span> <span class='ocrx_word' id='word_1_38' title='bbox 206 1063 241 1121; x_wconf 92' lang='lat' dir='ltr'>et</span> <span class='ocrx_word' id='word_1_39' title='bbox 268 1076 458 1123; x_wconf 86' lang='lat' dir='ltr'>exonerare</span> <span class='ocrx_word' id='word_1_40' title='bbox 482 1061 700 1140; x_wconf 86' lang='lat' dir='ltr'>intendimus,</span> <span class='ocrx_word' id='word_1_41' title='bbox 719 1070 754 1126; x_wconf 91' lang='lat' dir='ltr'>et</span> <span class='ocrx_word' id='word_1_42' title='bbox 780 1063 957 1126; x_wconf 84' lang='lat' dir='ltr'>libertates</span> <span class='ocrx_word' id='word_1_43' title='bbox 987 1070 1022 1126; x_wconf 92' lang='lat' dir='ltr'>et</span> <span class='ocrx_word' id='word_1_44' title='bbox 1048 1063 1285 1143; x_wconf 69' lang='lat' dir='ltr'>privi-0‘1‘ffl20‘·</span> <span class='ocrx_word' id='word_1_45' title='bbox 1309 1091 1310 1098; x_wconf 44' lang='lat'>¹</span> 
     </span>
     <span class='ocr_line' id='line_1_8' title="bbox 205 1153 1152 1241; baseline 0.006 -23"><span class='ocrx_word' id='word_1_46' title='bbox 205 1153 298 1236; x_wconf 83' lang='lat' dir='ltr'>legia</span> <span class='ocrx_word' id='word_1_47' title='bbox 313 1165 442 1222; x_wconf 83' lang='lat' dir='ltr'>sanctae</span> <span class='ocrx_word' id='word_1_48' title='bbox 461 1159 616 1226; x_wconf 87' lang='lat' dir='ltr'>ecclesiae</span> <span class='ocrx_word' id='word_1_49' title='bbox 644 1180 707 1241; x_wconf 91' lang='lat' dir='ltr'>pro</span> <span class='ocrx_word' id='word_1_50' title='bbox 727 1161 858 1231; x_wconf 89' lang='lat' dir='ltr'>viribus</span> <span class='ocrx_word' id='word_1_51' title='bbox 882 1161 1010 1225; x_wconf 89' lang='lat' dir='ltr'>nostris</span> <span class='ocrx_word' id='word_1_52' title='bbox 1034 1161 1152 1224; x_wconf 84' lang='lat' dir='ltr'>lovere</span> 
     </span>
     <span class='ocr_line' id='line_1_9' title="bbox 205 1257 1153 1340; baseline 0.005 -24"><span class='ocrx_word' id='word_1_53' title='bbox 205 1271 246 1316; x_wconf 87' lang='lat' dir='ltr'>ac</span> <span class='ocrx_word' id='word_1_54' title='bbox 278 1257 474 1336; x_wconf 84' lang='lat' dir='ltr'>specialiter</span> <span class='ocrx_word' id='word_1_55' title='bbox 510 1257 708 1336; x_wconf 81' lang='lat' dir='ltr'>defensare3</span> <span class='ocrx_word' id='word_1_56' title='bbox 748 1259 784 1321; x_wconf 92' lang='lat' dir='ltr'>in</span> <span class='ocrx_word' id='word_1_57' title='bbox 813 1259 1043 1340; x_wconf 83' lang='lat' dir='ltr'>negotiisque¹</span> <span class='ocrx_word' id='word_1_58' title='bbox 1069 1259 1153 1324; x_wconf 91' lang='lat' dir='ltr'>dicti</span> 
     </span>
     <span class='ocr_line' id='line_1_10' title="bbox 205 1354 1153 1439; baseline 0.009 -26"><span class='ocrx_word' id='word_1_59' title='bbox 205 1354 317 1433; x_wconf 87' lang='lat' dir='ltr'>regni,</span> <span class='ocrx_word' id='word_1_60' title='bbox 332 1354 565 1436; x_wconf 84' lang='lat' dir='ltr'>praelatorum,</span> <span class='ocrx_word' id='word_1_61' title='bbox 583 1357 761 1433; x_wconf 91' lang='lat' dir='ltr'>nobilium,</span> <span class='ocrx_word' id='word_1_62' title='bbox 787 1364 822 1421; x_wconf 92' lang='lat' dir='ltr'>et</span> <span class='ocrx_word' id='word_1_63' title='bbox 848 1359 993 1422; x_wconf 89' lang='lat' dir='ltr'>aliorum</span> <span class='ocrx_word' id='word_1_64' title='bbox 1018 1359 1153 1439; x_wconf 88' lang='lat' dir='ltr'>sapien·</span> 
     </span>
     <span class='ocr_line' id='line_1_11' title="bbox 204 1452 1153 1545; baseline 0.009 -32"><span class='ocrx_word' id='word_1_65' title='bbox 204 1452 301 1528; x_wconf 90' lang='lat' dir='ltr'>tium,</span> <span class='ocrx_word' id='word_1_66' title='bbox 329 1453 479 1519; x_wconf 90' lang='lat' dir='ltr'>fidelium</span> <span class='ocrx_word' id='word_1_67' title='bbox 506 1463 702 1545; x_wconf 84' lang='lat' dir='ltr'>nostrorum</span> <span class='ocrx_word' id='word_1_68' title='bbox 727 1457 764 1518; x_wconf 92' lang='lat' dir='ltr'>in</span> <span class='ocrx_word' id='word_1_69' title='bbox 789 1456 909 1520; x_wconf 90' lang='lat' dir='ltr'>eodem</span> <span class='ocrx_word' id='word_1_70' title='bbox 936 1475 1056 1536; x_wconf 86' lang='lat' dir='ltr'>regno,</span> <span class='ocrx_word' id='word_1_71' title='bbox 1079 1457 1153 1522; x_wconf 91' lang='lat' dir='ltr'>sine</span> 
     </span>
     <span class='ocr_line' id='line_1_12' title="bbox 203 1549 1153 1637; baseline 0.004 -23"><span class='ocrx_word' id='word_1_72' title='bbox 203 1549 351 1635; x_wconf 89' lang='lat' dir='ltr'>alicujus</span> <span class='ocrx_word' id='word_1_73' title='bbox 374 1555 424 1616; x_wconf 90' lang='lat' dir='ltr'>rei</span> <span class='ocrx_word' id='word_1_74' title='bbox 445 1555 561 1618; x_wconf 90' lang='lat' dir='ltr'>subita</span> <span class='ocrx_word' id='word_1_75' title='bbox 583 1555 639 1620; x_wconf 91' lang='lat' dir='ltr'>vel</span> <span class='ocrx_word' id='word_1_76' title='bbox 662 1554 859 1620; x_wconf 85' lang='lat' dir='ltr'>voluntaria</span> <span class='ocrx_word' id='word_1_77' title='bbox 879 1555 1074 1637; x_wconf 87' lang='lat' dir='ltr'>inceptione</span> <span class='ocrx_word' id='word_1_78' title='bbox 1096 1556 1153 1619; x_wconf 93' lang='lat' dir='ltr'>vel</span> 
     </span>
     <span class='ocr_line' id='line_1_13' title="bbox 203 1651 1151 1730; baseline 0.006 -19"><span class='ocrx_word' id='word_1_79' title='bbox 203 1651 418 1728; x_wconf 78' lang='lat' dir='ltr'>accensione,</span> <span class='ocrx_word' id='word_1_80' title='bbox 441 1653 581 1718; x_wconf 90' lang='lat' dir='ltr'>salubre</span> <span class='ocrx_word' id='word_1_81' title='bbox 606 1653 788 1717; x_wconf 90' lang='lat' dir='ltr'>consilium</span> <span class='ocrx_word' id='word_1_82' title='bbox 816 1653 944 1721; x_wconf 90' lang='lat' dir='ltr'>votivis</span> <span class='ocrx_word' id='word_1_83' title='bbox 970 1653 1151 1730; x_wconf 80' lang='lat' dir='ltr'>affectibus</span> 
     </span>
     <span class='ocr_line' id='line_1_14' title="bbox 204 1748 1150 1834; baseline 0.004 -22"><span class='ocrx_word' id='word_1_84' title='bbox 204 1748 397 1830; x_wconf 77' lang='lat' dir='ltr'>amplexari</span> <span class='ocrx_word' id='word_1_85' title='bbox 426 1759 461 1817; x_wconf 90' lang='lat' dir='ltr'>et</span> <span class='ocrx_word' id='word_1_86' title='bbox 487 1751 598 1834; x_wconf 87' lang='lat' dir='ltr'>sequi.</span> <span class='ocrx_word' id='word_1_87' title='bbox 651 1752 808 1816; x_wconf 86' lang='lat' dir='ltr'>Dicimus</span> <span class='ocrx_word' id='word_1_88' title='bbox 839 1752 1085 1834; x_wconf 86' lang='lat' dir='ltr'>itaquc.vohis</span> <span class='ocrx_word' id='word_1_89' title='bbox 1116 1761 1150 1816; x_wconf 92' lang='lat' dir='ltr'>et</span> 
     </span>
     <span class='ocr_line' id='line_1_15' title="bbox 203 1847 1188 1932; baseline 0.007 -23"><span class='ocrx_word' id='word_1_90' title='bbox 203 1847 388 1912; x_wconf 83' lang='lat' dir='ltr'>asserimus</span> <span class='ocrx_word' id='word_1_91' title='bbox 425 1850 517 1930; x_wconf 91' lang='lat' dir='ltr'>qnod</span> <span class='ocrx_word' id='word_1_92' title='bbox 559 1849 812 1914; x_wconf 83' lang='lat' dir='ltr'>ferventissimo</span> <span class='ocrx_word' id='word_1_93' title='bbox 857 1850 1038 1926; x_wconf 92' lang='lat' dir='ltr'>desiderio,</span> <span class='ocrx_word' id='word_1_94' title='bbox 1078 1870 1150 1932; x_wconf 81' lang='lat' dir='ltr'>pra·</span> <span class='ocrx_word' id='word_1_95' title='bbox 1185 1891 1188 1896; x_wconf 76' lang='lat'>,</span> 
     </span>
     <span class='ocr_line' id='line_1_16' title="bbox 203 1947 1149 2031; baseline 0.003 -23"><span class='ocrx_word' id='word_1_96' title='bbox 203 1947 338 2011; x_wconf 85' lang='lat' dir='ltr'>caeteris</span> <span class='ocrx_word' id='word_1_97' title='bbox 361 1947 466 2030; x_wconf 90' lang='lat' dir='ltr'>hujus</span> <span class='ocrx_word' id='word_1_98' title='bbox 491 1948 607 2012; x_wconf 92' lang='lat' dir='ltr'>mundi</span> <span class='ocrx_word' id='word_1_99' title='bbox 625 1949 812 2031; x_wconf 78' lang='lat' dir='ltr'>prosperiS,</span> <span class='ocrx_word' id='word_1_100' title='bbox 832 1948 1044 2024; x_wconf 80' lang='lat' dir='ltr'>anhelamus,</span> <span class='ocrx_word' id='word_1_101' title='bbox 1063 1968 1149 2029; x_wconf 90' lang='lat' dir='ltr'>qua-</span> 
     </span>
     <span class='ocr_line' id='line_1_17' title="bbox 203 2045 1149 2128; baseline 0.003 -20"><span class='ocrx_word' id='word_1_102' title='bbox 203 2045 295 2109; x_wconf 90' lang='lat' dir='ltr'>tinus</span> <span class='ocrx_word' id='word_1_103' title='bbox 316 2046 534 2128; x_wconf 89' lang='lat' dir='ltr'>omnipotens</span> <span class='ocrx_word' id='word_1_104' title='bbox 554 2047 725 2110; x_wconf 88' lang='lat' dir='ltr'>Dominus</span> <span class='ocrx_word' id='word_1_105' title='bbox 741 2065 803 2128; x_wconf 89' lang='lat' dir='ltr'>per</span> <span class='ocrx_word' id='word_1_106' title='bbox 822 2045 974 2112; x_wconf 88' lang='lat' dir='ltr'>lahorem</span> <span class='ocrx_word' id='word_1_107' title='bbox 993 2056 1149 2123; x_wconf 85' lang='lat' dir='ltr'>nostrum</span> 
     </span>
     <span class='ocr_line' id='line_1_18' title="bbox 202 2143 1150 2229; baseline 0.004 -23"><span class='ocrx_word' id='word_1_108' title='bbox 202 2150 238 2207; x_wconf 94' lang='lat' dir='ltr'>et</span> <span class='ocrx_word' id='word_1_109' title='bbox 270 2143 420 2209; x_wconf 88' lang='lat' dir='ltr'>fidelium</span> <span class='ocrx_word' id='word_1_110' title='bbox 451 2145 541 2210; x_wconf 88' lang='lat' dir='ltr'>inter</span> <span class='ocrx_word' id='word_1_111' title='bbox 570 2145 800 2222; x_wconf 84' lang='lat' dir='ltr'>Christianos,</span> <span class='ocrx_word' id='word_1_112' title='bbox 834 2146 1007 2229; x_wconf 79' lang='lat' dir='ltr'>praecipue</span> <span class='ocrx_word' id='word_1_113' title='bbox 1033 2153 1150 2210; x_wconf 88' lang='lat' dir='ltr'>tamen</span> 
     </span>
     <span class='ocr_line' id='line_1_19' title="bbox 202 2242 1153 2326; baseline 0.004 -22"><span class='ocrx_word' id='word_1_114' title='bbox 202 2242 382 2320; x_wconf 89' lang='lat' dir='ltr'>internos,</span> <span class='ocrx_word' id='word_1_115' title='bbox 399 2263 521 2326; x_wconf 90' lang='lat' dir='ltr'>pacem</span> <span class='ocrx_word' id='word_1_116' title='bbox 543 2263 717 2326; x_wconf 86' lang='lat' dir='ltr'>apponere</span> <span class='ocrx_word' id='word_1_117' title='bbox 735 2251 844 2319; x_wconf 92' lang='lat' dir='ltr'>curet,</span> <span class='ocrx_word' id='word_1_118' title='bbox 860 2251 895 2318; x_wconf 91' lang='lat' dir='ltr'>et</span> <span class='ocrx_word' id='word_1_119' title='bbox 917 2245 1153 2326; x_wconf 64' lang='lat' dir='ltr'>qnodpassa</span> 
     </span>
     <span class='ocr_line' id='line_1_20' title="bbox 202 2342 1149 2422; baseline 0.003 -16"><span class='ocrx_word' id='word_1_120' title='bbox 202 2342 296 2422; x_wconf 82' lang='lat' dir='ltr'>gium</span> <span class='ocrx_word' id='word_1_121' title='bbox 317 2349 473 2406; x_wconf 87' lang='lat' dir='ltr'>nostrum</span> <span class='ocrx_word' id='word_1_122' title='bbox 494 2343 655 2408; x_wconf 87' lang='lat' dir='ltr'>festinum</span> <span class='ocrx_word' id='word_1_123' title='bbox 675 2362 796 2406; x_wconf 91' lang='lat' dir='ltr'>versus</span> <span class='ocrx_word' id='word_1_124' title='bbox 813 2343 956 2406; x_wconf 83' lang='lat' dir='ltr'>Terram</span> <span class='ocrx_word' id='word_1_125' title='bbox 973 2343 1149 2420; x_wconf 84' lang='lat' dir='ltr'>Sanctam,</span> 
     </span>
     <span class='ocr_line' id='line_1_21' title="bbox 202 2441 1147 2523; baseline -0.002 -15"><span class='ocrx_word' id='word_1_126' title='bbox 202 2441 246 2508; x_wconf 83' lang='lat' dir='ltr'>ad</span> <span class='ocrx_word' id='word_1_127' title='bbox 288 2441 499 2523; x_wconf 85' lang='lat' dir='ltr'>eripiendam</span> <span class='ocrx_word' id='word_1_128' title='bbox 536 2461 612 2507; x_wconf 88' lang='lat' dir='ltr'>eam</span> <span class='ocrx_word' id='word_1_129' title='bbox 653 2441 696 2505; x_wconf 94' lang='lat' dir='ltr'>de</span> <span class='ocrx_word' id='word_1_130' title='bbox 733 2441 890 2505; x_wconf 87' lang='lat' dir='ltr'>manibus</span> <span class='ocrx_word' id='word_1_131' title='bbox 934 2441 1147 2507; x_wconf 90' lang='lat' dir='ltr'>inimieorum</span> 
     </span>
     <span class='ocr_line' id='line_1_22' title="bbox 204 2539 1148 2623; baseline -0.001 -18"><span class='ocrx_word' id='word_1_132' title='bbox 204 2540 346 2617; x_wconf 84' lang='lat' dir='ltr'>Christi,</span> <span class='ocrx_word' id='word_1_133' title='bbox 357 2541 401 2604; x_wconf 91' lang='lat' dir='ltr'>ad</span> <span class='ocrx_word' id='word_1_134' title='bbox 414 2541 519 2623; x_wconf 89' lang='lat' dir='ltr'>quod,</span> <span class='ocrx_word' id='word_1_135' title='bbox 529 2541 679 2605; x_wconf 91' lang='lat' dir='ltr'>Domino</span> <span class='ocrx_word' id='word_1_136' title='bbox 697 2540 796 2604; x_wconf 91' lang='lat' dir='ltr'>nohis</span> <span class='ocrx_word' id='word_1_137' title='bbox 806 2539 956 2617; x_wconf 85' lang='lat' dir='ltr'>favente,</span> <span class='ocrx_word' id='word_1_138' title='bbox 968 2559 1148 2622; x_wconf 90' lang='lat' dir='ltr'>speramus</span> 
     </span>
     <span class='ocr_line' id='line_1_23' title="bbox 201 2639 1245 2722; baseline 0.002 -20"><span class='ocrx_word' id='word_1_139' title='bbox 201 2639 275 2703; x_wconf 89' lang='lat' dir='ltr'>lieri</span> <span class='ocrx_word' id='word_1_140' title='bbox 303 2659 417 2722; x_wconf 88' lang='lat' dir='ltr'>posse.</span> <span class='ocrx_word' id='word_1_141' title='bbox 474 2639 622 2711; x_wconf 89' lang='lat' dir='ltr'>Noverit</span> <span class='ocrx_word' id='word_1_142' title='bbox 657 2640 762 2703; x_wconf 87' lang='lat' dir='ltr'>etiam</span> <span class='ocrx_word' id='word_1_143' title='bbox 794 2640 1001 2714; x_wconf 85' lang='lat' dir='ltr'>universitas</span> <span class='ocrx_word' id='word_1_144' title='bbox 1032 2647 1149 2704; x_wconf 87' lang='lat' dir='ltr'>vestra</span> <span class='ocrx_word' id='word_1_145' title='bbox 1241 2711 1245 2718; x_wconf 54' lang='grc'><strong><em>,</em></strong></span> 
     </span>
     <span class='ocr_line' id='line_1_24' title="bbox 200 2738 1148 2827; baseline 0.002 -26"><span class='ocrx_word' id='word_1_146' title='bbox 200 2738 317 2819; x_wconf 91' lang='lat' dir='ltr'>plures</span> <span class='ocrx_word' id='word_1_147' title='bbox 342 2739 566 2804; x_wconf 88' lang='lat' dir='ltr'>rationabiles</span> <span class='ocrx_word' id='word_1_148' title='bbox 593 2739 689 2827; x_wconf 88' lang='lat' dir='ltr'>pacis</span> <span class='ocrx_word' id='word_1_149' title='bbox 717 2738 793 2801; x_wconf 89' lang='lat' dir='ltr'>vias</span> <span class='ocrx_word' id='word_1_150' title='bbox 817 2738 984 2819; x_wconf 84' lang='lat' dir='ltr'>praedicto</span> <span class='ocrx_word' id='word_1_151' title='bbox 1010 2738 1148 2803; x_wconf 91' lang='lat' dir='ltr'>domino</span> 
     </span>
     <span class='ocr_line' id='line_1_25' title="bbox 202 2836 1148 2919; baseline 0.003 -20"><span class='ocrx_word' id='word_1_152' title='bbox 202 2837 364 2919; x_wconf 93' lang='lat' dir='ltr'>Philippo</span> <span class='ocrx_word' id='word_1_153' title='bbox 390 2856 453 2900; x_wconf 89' lang='lat' dir='ltr'>nos</span> <span class='ocrx_word' id='word_1_154' title='bbox 467 2838 595 2919; x_wconf 80' lang='lat' dir='ltr'>saepius</span> <span class='ocrx_word' id='word_1_155' title='bbox 612 2836 789 2910; x_wconf 88' lang='lat' dir='ltr'>obtulisse,</span> <span class='ocrx_word' id='word_1_156' title='bbox 808 2837 933 2918; x_wconf 89' lang='lat' dir='ltr'>quibus</span> <span class='ocrx_word' id='word_1_157' title='bbox 952 2857 1021 2901; x_wconf 93' lang='lat' dir='ltr'>non</span> <span class='ocrx_word' id='word_1_158' title='bbox 1035 2837 1148 2902; x_wconf 90' lang='lat' dir='ltr'>solum</span> 
     </span>
     <span class='ocr_line' id='line_1_26' title="bbox 199 2934 1148 3011; baseline 0.001 -12"><span class='ocrx_word' id='word_1_159' title='bbox 199 2935 366 3000; x_wconf 88' lang='lat' dir='ltr'>assentire</span> <span class='ocrx_word' id='word_1_160' title='bbox 406 2955 474 2999; x_wconf 95' lang='lat' dir='ltr'>non</span> <span class='ocrx_word' id='word_1_161' title='bbox 509 2935 654 3011; x_wconf 89' lang='lat' dir='ltr'>curavit,</span> <span class='ocrx_word' id='word_1_162' title='bbox 686 2954 807 2998; x_wconf 91' lang='lat' dir='ltr'>verum</span> <span class='ocrx_word' id='word_1_163' title='bbox 852 2934 957 2998; x_wconf 89' lang='lat' dir='ltr'>ctiam</span> <span class='ocrx_word' id='word_1_164' title='bbox 993 2936 1029 2998; x_wconf 94' lang='lat' dir='ltr'>in</span> <span class='ocrx_word' id='word_1_165' title='bbox 1071 2936 1148 3000; x_wconf 89' lang='lat' dir='ltr'>aliis</span> 
     </span>
     <span class='ocr_line' id='line_1_27' title="bbox 201 3032 1148 3114; baseline 0.004 -16"><span class='ocrx_word' id='word_1_166' title='bbox 201 3033 301 3098; x_wconf 88' lang='lat' dir='ltr'>terris</span> <span class='ocrx_word' id='word_1_167' title='bbox 323 3034 450 3100; x_wconf 90' lang='lat' dir='ltr'>nostris</span> <span class='ocrx_word' id='word_1_168' title='bbox 472 3034 571 3100; x_wconf 91' lang='lat' dir='ltr'>nohis</span> <span class='ocrx_word' id='word_1_169' title='bbox 589 3051 749 3114; x_wconf 82' lang='lat' dir='ltr'>guerram</span> <span class='ocrx_word' id='word_1_170' title='bbox 766 3032 970 3111; x_wconf 83' lang='lat' dir='ltr'>commovit3</span> <span class='ocrx_word' id='word_1_171' title='bbox 993 3033 1148 3102; x_wconf 84' lang='lat' dir='ltr'>totaliter</span> 
     </span>
     <span class='ocr_line' id='line_1_28' title="bbox 198 3131 1144 3206; baseline 0 -11"><span class='ocrx_word' id='word_1_172' title='bbox 198 3152 261 3196; x_wconf 89' lang='lat' dir='ltr'>nos</span> <span class='ocrx_word' id='word_1_173' title='bbox 276 3133 466 3199; x_wconf 87' lang='lat' dir='ltr'>annihilare</span> <span class='ocrx_word' id='word_1_174' title='bbox 482 3151 551 3195; x_wconf 90' lang='lat' dir='ltr'>non</span> <span class='ocrx_word' id='word_1_175' title='bbox 574 3131 686 3195; x_wconf 91' lang='lat' dir='ltr'>solum</span> <span class='ocrx_word' id='word_1_176' title='bbox 708 3131 803 3194; x_wconf 89' lang='lat' dir='ltr'>nisus</span> <span class='ocrx_word' id='word_1_177' title='bbox 819 3137 884 3206; x_wconf 90' lang='lat' dir='ltr'>est,</span> <span class='ocrx_word' id='word_1_178' title='bbox 904 3150 1022 3194; x_wconf 91' lang='lat' dir='ltr'>verum</span> <span class='ocrx_word' id='word_1_179' title='bbox 1042 3133 1144 3196; x_wconf 90' lang='lat' dir='ltr'>etiam</span> 
     </span>
     <span class='ocr_line' id='line_1_29' title="bbox 198 3228 1142 3313; baseline 0.001 -20"><span class='ocrx_word' id='word_1_180' title='bbox 198 3251 262 3313; x_wconf 90' lang='lat' dir='ltr'>pro</span> <span class='ocrx_word' id='word_1_181' title='bbox 295 3231 424 3298; x_wconf 90' lang='lat' dir='ltr'>viribus</span> <span class='ocrx_word' id='word_1_182' title='bbox 460 3231 532 3294; x_wconf 89' lang='lat' dir='ltr'>suis</span> <span class='ocrx_word' id='word_1_183' title='bbox 570 3229 613 3294; x_wconf 91' lang='lat' dir='ltr'>de</span> <span class='ocrx_word' id='word_1_184' title='bbox 651 3229 778 3293; x_wconf 90' lang='lat' dir='ltr'>mundo</span> <span class='ocrx_word' id='word_1_185' title='bbox 815 3228 936 3293; x_wconf 91' lang='lat' dir='ltr'>tollere</span> <span class='ocrx_word' id='word_1_186' title='bbox 977 3230 1142 3312; x_wconf 88' lang='lat' dir='ltr'>solicitus.</span> 
     </span>
     <span class='ocr_line' id='line_1_30' title="bbox 199 3327 1146 3412; baseline -0.004 -18"><span class='ocrx_word' id='word_1_187' title='bbox 199 3329 335 3394; x_wconf 89' lang='lat' dir='ltr'>Idcirco</span> <span class='ocrx_word' id='word_1_188' title='bbox 362 3330 453 3394; x_wconf 90' lang='lat' dir='ltr'>enim</span> <span class='ocrx_word' id='word_1_189' title='bbox 486 3347 548 3392; x_wconf 92' lang='lat' dir='ltr'>nos</span> <span class='ocrx_word' id='word_1_190' title='bbox 581 3338 616 3393; x_wconf 89' lang='lat' dir='ltr'>et</span> <span class='ocrx_word' id='word_1_191' title='bbox 642 3336 761 3392; x_wconf 87' lang='lat' dir='ltr'>nostra</span> <span class='ocrx_word' id='word_1_192' title='bbox 784 3327 966 3394; x_wconf 86' lang='lat' dir='ltr'>defendere</span> <span class='ocrx_word' id='word_1_193' title='bbox 994 3347 1036 3408; x_wconf 81' lang='lat' dir='ltr'>ac</span> <span class='ocrx_word' id='word_1_194' title='bbox 1062 3329 1146 3412; x_wconf 78' lang='lat' dir='ltr'>jura</span> 
     </span>
     <span class='ocr_line' id='line_1_31' title="bbox 198 3427 1144 3512; baseline 0 -20"><span class='ocrx_word' id='word_1_195' title='bbox 198 3429 407 3512; x_wconf 87' lang='lat' dir='ltr'>perquirere,</span> <span class='ocrx_word' id='word_1_196' title='bbox 426 3427 630 3492; x_wconf 90' lang='lat' dir='ltr'>necessitate</span> <span class='ocrx_word' id='word_1_197' title='bbox 649 3447 715 3491; x_wconf 93' lang='lat' dir='ltr'>non</span> <span class='ocrx_word' id='word_1_198' title='bbox 730 3427 863 3502; x_wconf 84' lang='lat' dir='ltr'>modica</span> <span class='ocrx_word' id='word_1_199' title='bbox 880 3427 1012 3494; x_wconf 92' lang='lat' dir='ltr'>inducti</span> <span class='ocrx_word' id='word_1_200' title='bbox 1026 3446 1144 3508; x_wconf 85' lang='lat' dir='ltr'>sumus</span> 
     </span>
     <span class='ocr_line' id='line_1_32' title="bbox 198 3526 1145 3604; baseline -0.002 -12"><span class='ocrx_word' id='word_1_201' title='bbox 198 3534 234 3592; x_wconf 91' lang='lat' dir='ltr'>et</span> <span class='ocrx_word' id='word_1_202' title='bbox 270 3528 395 3593; x_wconf 87' lang='lat' dir='ltr'>coacti.</span> <span class='ocrx_word' id='word_1_203' title='bbox 446 3527 629 3592; x_wconf 89' lang='lat' dir='ltr'>Veraciter</span> <span class='ocrx_word' id='word_1_204' title='bbox 667 3535 782 3589; x_wconf 87' lang='lat' dir='ltr'>tamen</span> <span class='ocrx_word' id='word_1_205' title='bbox 822 3526 1069 3604; x_wconf 84' lang='lat' dir='ltr'>mortalitatem</span> <span class='ocrx_word' id='word_1_206' title='bbox 1109 3536 1145 3590; x_wconf 92' lang='lat' dir='ltr'>et</span> 
     </span>
     <span class='ocr_line' id='line_1_33' title="bbox 197 3625 1144 3708; baseline -0.002 -18"><span class='ocrx_word' id='word_1_207' title='bbox 197 3626 501 3708; x_wconf 89' lang='lat' dir='ltr'>depopulationem</span> <span class='ocrx_word' id='word_1_208' title='bbox 517 3645 585 3690; x_wconf 91' lang='lat' dir='ltr'>non</span> <span class='ocrx_word' id='word_1_209' title='bbox 602 3625 800 3707; x_wconf 84' lang='lat' dir='ltr'>quaerimus,</span> <span class='ocrx_word' id='word_1_210' title='bbox 807 3625 876 3700; x_wconf 78' lang='lat' dir='ltr'>,sed</span> <span class='ocrx_word' id='word_1_211' title='bbox 893 3643 1058 3707; x_wconf 88' lang='lat' dir='ltr'>personas</span> <span class='ocrx_word' id='word_1_212' title='bbox 1074 3627 1144 3698; x_wconf 85' lang='lat' dir='ltr'>sin,-</span> 
     </span>
     <span class='ocr_line' id='line_1_34' title="bbox 198 3724 1143 3806; baseline 0 -18"><span class='ocrx_word' id='word_1_213' title='bbox 198 3725 299 3805; x_wconf 85' lang='lat' dir='ltr'>gulas</span> <span class='ocrx_word' id='word_1_214' title='bbox 316 3744 357 3788; x_wconf 90' lang='lat' dir='ltr'>ac</span> <span class='ocrx_word' id='word_1_215' title='bbox 374 3725 476 3802; x_wconf 87' lang='lat' dir='ltr'>hona,</span> <span class='ocrx_word' id='word_1_216' title='bbox 491 3732 660 3806; x_wconf 89' lang='lat' dir='ltr'>quantum</span> <span class='ocrx_word' id='word_1_217' title='bbox 678 3724 714 3786; x_wconf 90' lang='lat' dir='ltr'>in</span> <span class='ocrx_word' id='word_1_218' title='bbox 739 3725 838 3798; x_wconf 88' lang='lat' dir='ltr'>nobis</span> <span class='ocrx_word' id='word_1_219' title='bbox 862 3730 927 3800; x_wconf 90' lang='lat' dir='ltr'>est,</span> <span class='ocrx_word' id='word_1_220' title='bbox 944 3724 974 3786; x_wconf 91' lang='lat' dir='ltr'>si</span> <span class='ocrx_word' id='word_1_221' title='bbox 997 3743 1058 3806; x_wconf 89' lang='lat' dir='ltr'>per</span> <span class='ocrx_word' id='word_1_222' title='bbox 1084 3744 1143 3788; x_wconf 89' lang='lat' dir='ltr'>eos</span> 
     </span>
     <span class='ocr_line' id='line_1_35' title="bbox 194 3822 1144 3905; baseline -0.001 -19"><span class='ocrx_word' id='word_1_223' title='bbox 194 3843 266 3886; x_wconf 90' lang='lat' dir='ltr'>non</span> <span class='ocrx_word' id='word_1_224' title='bbox 305 3825 451 3899; x_wconf 89' lang='lat' dir='ltr'>steterit,</span> <span class='ocrx_word' id='word_1_225' title='bbox 485 3842 623 3886; x_wconf 87' lang='lat' dir='ltr'>servare</span> <span class='ocrx_word' id='word_1_226' title='bbox 659 3842 700 3889; x_wconf 84' lang='lat' dir='ltr'>ac</span> <span class='ocrx_word' id='word_1_227' title='bbox 737 3822 962 3887; x_wconf 85' lang='lat' dir='ltr'>indemnitate</span> <span class='ocrx_word' id='word_1_228' title='bbox 994 3824 1144 3905; x_wconf 81' lang='lat' dir='ltr'>gaudere</span> 
     </span>
     <span class='ocr_line' id='line_1_36' title="bbox 196 3920 1141 4001; baseline -0.002 -16"><span class='ocrx_word' id='word_1_229' title='bbox 196 3922 410 3986; x_wconf 89' lang='lat' dir='ltr'>affectamus.</span> <span class='ocrx_word' id='word_1_230' title='bbox 473 3920 647 3998; x_wconf 86' lang='lat' dir='ltr'>Quocirca</span> <span class='ocrx_word' id='word_1_231' title='bbox 677 3921 850 3995; x_wconf 92' lang='lat' dir='ltr'>volumus,</span> <span class='ocrx_word' id='word_1_232' title='bbox 882 3928 917 3983; x_wconf 90' lang='lat' dir='ltr'>et</span> <span class='ocrx_word' id='word_1_233' title='bbox 947 3920 989 3982; x_wconf 93' lang='lat' dir='ltr'>de</span> <span class='ocrx_word' id='word_1_234' title='bbox 1029 3922 1141 4001; x_wconf 84' lang='lat' dir='ltr'>gratia</span> 
     </span>
     <span class='ocr_line' id='line_1_37' title="bbox 195 4017 1142 4101; baseline -0.003 -18"><span class='ocrx_word' id='word_1_235' title='bbox 195 4027 315 4084; x_wconf 91' lang='lat' dir='ltr'>nostra</span> <span class='ocrx_word' id='word_1_236' title='bbox 336 4019 478 4101; x_wconf 89' lang='lat' dir='ltr'>speciali</span> <span class='ocrx_word' id='word_1_237' title='bbox 500 4038 541 4082; x_wconf 91' lang='lat' dir='ltr'>ac</span> <span class='ocrx_word' id='word_1_238' title='bbox 563 4018 778 4098; x_wconf 87' lang='lat' dir='ltr'>benignitate</span> <span class='ocrx_word' id='word_1_239' title='bbox 804 4017 1035 4094; x_wconf 77' lang='lat' dir='ltr'>concedimuS,</span> <span class='ocrx_word' id='word_1_240' title='bbox 1051 4019 1142 4099; x_wconf 89' lang='lat' dir='ltr'>quod</span> 
     </span>
     <span class='ocr_line' id='line_1_38' title="bbox 194 4116 1144 4199; baseline -0.001 -18"><span class='ocrx_word' id='word_1_241' title='bbox 194 4119 312 4183; x_wconf 88' lang='lat' dir='ltr'>cuncti</span> <span class='ocrx_word' id='word_1_242' title='bbox 342 4118 459 4181; x_wconf 90' lang='lat' dir='ltr'>fideles</span> <span class='ocrx_word' id='word_1_243' title='bbox 488 4117 571 4181; x_wconf 91' lang='lat' dir='ltr'>dicti</span> <span class='ocrx_word' id='word_1_244' title='bbox 610 4117 720 4198; x_wconf 82' lang='lat' dir='ltr'>regni,</span> <span class='ocrx_word' id='word_1_245' title='bbox 753 4116 989 4199; x_wconf 89' lang='lat' dir='ltr'>cujuscunque</span> <span class='ocrx_word' id='word_1_246' title='bbox 1017 4116 1144 4180; x_wconf 79' lang='lat' dir='ltr'>fuerint</span> 
     </span>
     <span class='ocr_line' id='line_1_39' title="bbox 195 4215 1143 4296; baseline -0.003 -15"><span class='ocrx_word' id='word_1_247' title='bbox 195 4217 401 4281; x_wconf 89' lang='lat' dir='ltr'>conditionis</span> <span class='ocrx_word' id='word_1_248' title='bbox 424 4225 486 4280; x_wconf 93' lang='lat' dir='ltr'>aut</span> <span class='ocrx_word' id='word_1_249' title='bbox 507 4222 632 4294; x_wconf 87' lang='lat' dir='ltr'>status,</span> <span class='ocrx_word' id='word_1_250' title='bbox 656 4215 715 4296; x_wconf 92' lang='lat' dir='ltr'>qui</span> <span class='ocrx_word' id='word_1_251' title='bbox 737 4215 849 4290; x_wconf 89' lang='lat' dir='ltr'>nobis,</span> <span class='ocrx_word' id='word_1_252' title='bbox 865 4215 954 4278; x_wconf 91' lang='lat' dir='ltr'>sicut</span> <span class='ocrx_word' id='word_1_253' title='bbox 978 4215 1143 4278; x_wconf 86' lang='lat' dir='ltr'>carissimi</span> 
     </span>
    </p>
   </div>
   <div class='ocr_carea' id='block_1_7' title="bbox 926 4335 967 4379">
    <p class='ocr_par' dir='ltr' id='par_1_7' title="bbox 926 4335 967 4379">
     <span class='ocr_line' id='line_1_40' title="bbox 926 4335 967 4379; baseline 0.024 -1"><span class='ocrx_word' id='word_1_254' title='bbox 926 4335 967 4379; x_wconf 67' lang='lat' dir='ltr'>za</span> 
     </span>
    </p>
   </div>
   <div class='ocr_carea' id='block_1_8' title="bbox 0 0 1574 4988">
    <p class='ocr_par' dir='ltr' id='par_1_8' title="bbox 0 0 1574 4988">
     <span class='ocr_line' id='line_1_41' title="bbox 0 0 1574 4988; baseline 0 2"><span class='ocrx_word' id='word_1_255' title='bbox 0 0 1574 4988; x_wconf 95' lang='lat' dir='ltr'> </span> 
     </span>
    </p>
   </div>
  </div>
 </body>
</html>
