3144 4990
410 482 574 531 wanrnnr
599 483 646 529 nn
669 481 950 530 unuruonuncn.
1088 462 1156 530 2113

202 659 253 704 ex
276 650 421 723 quorum
434 640 585 705 discidio
610 639 799 704 animarum
826 640 993 722 pericula,
1014 645 1154 722 “perso-
1170 651 1318 745 qdqffl·

208 758 330 802 narum
343 737 369 773 '²
404 746 539 824 strages
570 746 605 818 et
634 738 781 816 excidia,
811 759 852 802 ac
883 733 1052 805 bonorum
1085 739 1154 802 dis·
1168 728 1250 826 Bu‘ssos
1263 731 1337 836 nois-

208 839 337 919 pendia
377 823 651 915 innumerabilia,
696 838 892 902 necessario
935 836 1318 935 proueniunt,,⁰0¹g'32‘31212lss'⁰

208 944 261 1000 est
292 937 517 1022 proculdubio
548 937 764 1019 displicihilis
792 943 827 1000 et
857 956 978 1016 exosa,
1005 939 1155 1001 maxime
1167 937 1292 1026 {mil

208 1036 421 1116 temporibus
443 1036 519 1106 istis
542 1036 668 1118 quibus
690 1035 812 1099 contra
834 1036 968 1100 ancos
985 1037 1021 1100 in
1039 1043 1154 1101 trans·

208 1133 349 1199 marinis
398 1135 555 1216 partibus
595 1135 802 1200 constitutos
841 1144 1079 1217 persecutores
1119 1141 1155 1200 'et

208 1232 428 1315 blasphemos
453 1233 642 1297 Christiani
668 1235 827 1310 nominis,
848 1235 908 1316 qui
935 1234 1053 1297 fideles
1077 1234 1154 1298 illass

205 1350 286 1394 rum
325 1332 484 1413 partium,
523 1333 596 1394 sine
633 1351 740 1395 sexus
780 1340 815 1395 et
855 1333 969 1396 aetatis
1006 1332 1155 1410 delectu,

209 1429 392 1494 crudeliter
423 1431 459 1492 in
493 1431 602 1494 nostri
632 1429 809 1494 Creatoris
846 1431 1089 1495 contumeliam
1119 1441 1155 1496 et

146 1577 148 1580 -
210 1529 316 1592 totius
343 1528 616 1593 Christianitatis
642 1528 864 1612 opprobrium
881 1531 1098 1612 opprimunt,
1121 1539 1157 1594 et

208 1646 328 1690 eorum
348 1628 502 1691 sitientes
527 1628 729 1708 sanguinem
751 1629 786 1690 in
807 1629 901 1710 ipsos
924 1629 1156 1693 inhumaniter

122 1803 125 1807 ἡ
208 1725 306 1789 ferali
317 1727 412 1789 rabie
426 1725 693 1802 debacchantur,
705 1734 740 1788 et
753 1727 974 1808 quamplures
991 1728 1064 1790 zelo
1076 1727 1156 1791 fidei

209 1830 244 1888 et
265 1825 332 1907 piae
349 1823 542 1888 devotionis
560 1823 685 1887 affectu
708 1823 855 1901 accensi,
871 1843 908 1887 se
924 1825 968 1887 ad
985 1825 1154 1907 repellen-

210 1923 289 1986 dam
327 1923 496 1988 dictorum
526 1921 713 1986 infidelium
752 1922 974 2005 proterviam,
1000 1931 1043 1987 ¹et
1073 1943 1154 1988 con·

211 2020 404 2086 fortandam
430 2039 472 2085 ac
494 2019 783 2086 corroborandam
807 2020 959 2084 fidelium
984 2022 1154 2104 impoten-

210 2119 306 2196 tiam,
327 2119 530 2184 viriliteret
554 2119 688 2183 utiliter
705 2120 945 2201 accingebant,
970 2121 1029 2203 qui
1054 2141 1153 2185 occa-

212 2219 309 2282 sione
335 2237 471 2300 guerrae
495 2219 525 2281 si
549 2237 624 2281 eam
648 2220 737 2282 inter
763 2226 798 2283 te
824 2225 859 2282 et
882 2221 1095 2283 carissimum
1109 2222 1154 2284 -in

150 2336 154 2340 ·
213 2316 351 2381 Christo
364 2317 471 2380 filium
486 2327 641 2381 nostrum
654 2317 852 2399 Philippum
866 2337 981 2400 regem
997 2319 1154 2384 Franciae

210 2415 391 2492 illustrem,
422 2417 565 2492 moveri,
595 2416 688 2498 quod
723 2417 825 2493 absit,
857 2419 1052 2499 contigerit,
1086 2434 1155 2482 non

211 2515 285 2578 sine
320 2505 446 2596 mag’no
488 2514 758 2579 Christianitatis
794 2515 984 2598 dispendio,
1011 2524 1047 2581 et
1083 2519 1155 2581 ani-

211 2633 345 2677 marum
363 2613 578 2696 pericu10,ut
589 2614 822 2678 verisimiliter
832 2617 1038 2691 aestimatur,
1049 2635 1070 2678 a
1083 2623 1155 2698 tam

212 2713 290 2776 utili
301 2720 335 2777 et
349 2713 424 2777 Deo
436 2719 537 2795 grato
551 2713 731 2795 proposito
741 2713 972 2778 retrahantur.
1004 2708 1157 2796 Ideoque

212 2811 410 2893 diligentius
445 2809 663 2875 attendentes
690 2812 782 2892 quod
815 2832 862 2875 ex
898 2821 997 2895 parte
1032 2821 1158 2876 ‘mutua

212 2917 339 2991 praeter
368 2910 438 2973 alia
470 2911 567 2972 varia
598 2910 788 2984 commoda,
817 2909 947 2974 Christi
979 2909 1158 2990 negotium
1240 2906 1244 2914 ’

210 3008 407 3089 promoveri
426 3013 543 3090 posset
565 3007 709 3084 felicius,
728 3015 823 3071 etex
846 3027 972 3088 guerra
992 3009 1159 3090 praedicta

146 3135 147 3138 ¹
210 3106 440 3188 periculosius
465 3105 634 3186 impediri,
659 3125 722 3168 nos
744 3106 819 3170 vias
839 3124 958 3170 omnes
981 3126 1044 3188 per
1070 3118 1158 3189 quas

208 3205 258 3268 ad
285 3224 404 3286 pacem
429 3203 685 3286 quomodolibet
711 3205 888 3286 pervenire
914 3213 1052 3287 poterat
1079 3226 1158 3289 per·

214 3304 398 3385 quirentes,
417 3311 496 3385 post
522 3303 657 3367 labores
679 3303 833 3368 diversos
855 3322 941 3384 quos
964 3305 1159 3368 voluntarie

214 3402 330 3466 multis
347 3402 425 3466 aliis
448 3403 597 3482 negotiis
617 3402 734 3465 arduis
756 3403 1009 3483 praetermissis,
1029 3410 1067 3466 ut
1088 3423 1159 3486 pax

214 3501 306 3564 inter
338 3510 384 3576 te,
423 3501 472 3563 fili
507 3499 695 3576 carissime,
732 3509 767 3564 et
803 3501 1005 3582 praedictum
1044 3522 1159 3584 regern

216 3599 372 3662 Franciae
416 3606 535 3681 posset
578 3599 709 3676 haberi,
747 3599 909 3662 duximus
950 3601 1160 3670 subeundos,

209 3697 260 3760 ad
279 3698 343 3761 hoc
360 3717 423 3762 nos
438 3698 663 3762 offerebamus
688 3707 829 3780 paratos
845 3699 874 3762 si
890 3701 1028 3782 praefati
1047 3719 1161 3764 comes

216 3805 251 3859 et
277 3797 555 3860 Bartholomaeus
572 3797 615 3859 de
637 3797 829 3861 intentione
852 3805 914 3862 tua
939 3799 1028 3863 sicut
1054 3800 1163 3880 scrip-

216 3914 371 3957 seramus
392 3904 426 3959 et
447 3896 643 3958 condictum
665 3896 778 3958 fuerat
798 3896 958 3958 instructi
975 3891 1162 3971 venissent,

217 4013 286 4056 non
302 4002 484 4074 parcentes
498 3993 675 4056 laboribus
687 4000 723 4056 et
735 3995 939 4074 sumptibus,
954 4013 1016 4056 nec
1031 3994 1163 4057 calores

218 4091 274 4154 v'el
298 4091 439 4173 frigora,
461 4111 522 4155 seu
546 4091 725 4173 passiones
749 4091 837 4155 alias
856 4093 1020 4174 temporis
1047 4092 1162 4155 sormi·

470 4243 476 4272 ¹
496 4245 622 4306 Supplied
632 4245 696 4294 from
708 4246 766 4296 MS.
778 4246 853 4295 Harl.
865 4249 923 4296 655.
