3144 4990
403 413 470 491 408
799 437 1010 489 cuaouroou

244 599 390 708 rpffip
404 585 576 662 summum
605 589 802 681 pontificem
834 597 1029 682 specialiter
1063 591 1359 674 transmissorum,

237 697 563 794 fflquaulam
585 706 711 780 treuga
730 698 820 762 inter
846 716 909 762 nos
936 704 972 762 et
996 696 1126 760 dictum
1152 695 1356 778 Philippum

242 802 363 894 mpp-
405 796 471 860 sub
493 803 589 861 certa
610 797 722 862 forma
743 797 831 862 inita
852 798 899 861 sit
932 803 967 860 et
997 796 1157 872 formata,
1185 802 1220 859 et
1247 795 1355 858 etiam

243 907 322 993 ἧς.)
404 895 497 960 inter
507 896 576 960 alia
585 897 832 962 concordatum
841 892 1082 978 quod‘citra’¹
1095 893 1221 958 festum
1231 893 1355 968 Sancti

405 993 578 1060 lobannis
601 995 772 1079 Baptistae
794 995 953 1078 proximo
980 993 1147 1070 futurum,
1169 991 1356 1056 mittantur

406 1083 452 1158 e'x
474 1102 622 1177 utraque
645 1102 744 1178 parte
762 1094 806 1158 ad
823 1087 954 1158 curiam
971 1093 1166 1157 Romanam
1181 1091 1354 1156 solemnes

405 1192 523 1258 nuncii
548 1213 627 1258 cum
659 1199 832 1276 potestate
859 1187 1039 1257 sufficienti
1063 1191 1108 1256 ad
1132 1191 1354 1256 tractandum·

405 1310 522 1356 coram
549 1293 642 1357 dieto
670 1292 809 1356 domino
836 1311 971 1355 summo
1001 1290 1175 1373 pontifice,
1202 1289 1271 1354 non
1311 1287 1354 1354 ut

405 1397 498 1473 papa
521 1391 577 1455 vel
607 1399 646 1456 'ut
668 1390 799 1474 judice,
824 1389 885 1453 sed
909 1398 948 1455 ut
972 1407 1121 1474 persona
1150 1387 1290 1471 privata
1316 1387 1354 1453 et

405 1489 517 1553 amico
556 1489 741 1566 communi,
756 1527 759 1534 ι
775 1487 819 1552 (le
862 1507 948 1571 pace
986 1496 1022 1553 ot
1046 1487 1142 1552 finali
1168 1487 1353 1552 concordia

405 1588 495 1652 inter
517 1606 581 1651 nos
603 1595 639 1652 et
659 1587 790 1652 dictum
814 1585 1016 1670 Philippum
1038 1582 1101 1668 pe'r
1119 1585 1186 1650 Dei
1201 1585 1351 1668 gratiam

406 1686 646 1766 reformanda3
670 1685 748 1751 Nos
766 1685 921 1750 volentes
944 1703 1086 1768 eaquae
1111 1685 1148 1748 in
1170 1685 1236 1749 bac
1252 1692 1353 1767 parte

406 1785 569 1850 condicta
592 1785 730 1849 buerant
755 1803 797 1849 ac
822 1784 1004 1867 promissa,
1026 1791 1198 1866 quatenus
1221 1784 1265 1848 ad
1288 1803 1352 1848 nos

408 1886 547 1962 attinet,
576 1875 773 1961 observare,
799 1902 840 1947 ac
867 1883 910 1947 de
941 1881 1108 1947 fidelitate
1144 1891 1178 1946 et
1207 1881 1354 1947 circum·

407 1985 584 2066 spectione
610 1983 757 2066 provida
781 1980 988 2046 venerabilis
1015 1982 1052 2045 in
1076 1980 1215 2046 Christo
1241 1978 1354 2064 patris

407 2091 474 2146 ete.
490 2101 531 2145 ac
553 2081 757 2146 dilectorum
779 2088 815 2145 et
836 2079 988 2144 fidelium
1008 2089 1204 2145 nostrorum
1227 2072 1353 2145 ‘ete.’²

408 2180 547 2261 plenam
569 2180 731 2245 fiduciam
753 2179 961 2256 obtinentes,
977 2179 1085 2261 ipsos,
1098 2197 1173 2256 sex,
1188 2179 1354 2261 quinque,

407 2287 557 2360 quatuor
581 2286 616 2343 et
639 2287 713 2343 tros*
731 2297 848 2342 eorum
871 2278 1016 2342 nuncios
1046 2284 1081 2341 et
1110 2284 1353 2360 procuratores

406 2386 543 2443 nostros
596 2362 741 2442 iacimus
790 2385 826 2441 et
878 2376 1118 2440 constituimus
1159 2376 1352 2458 speciales3

406 2475 529 2539 dantes
569 2483 605 2540 et
643 2475 870 2540 concedentes
909 2474 1037 2539 eisdem
1078 2493 1155 2552 sex,
1187 2475 1352 2557 quinque,

406 2583 557 2654 quatuor
578 2581 613 2637 et
636 2573 748 2636 tribus
770 2591 888 2636 eornm
913 2573 1050 2656 plenam
1079 2580 1288 2655 potestatem
1317 2582 1354 2638 et

405 2661 606 2735 mandatum
632 2670 783 2754 speciale
810 2671 854 2735 ad
876 2671 1095 2735 tractandum
1116 2667 1235 2736 ¹corar'n
1258 2671 1352 2737 dicto

403 2788 538 2833 summo
566 2759 739 2852 pontifice,
763 2788 831 2833 non
859 2777 898 2834 ut
922 2770 1124 2853 judicesad
1153 2779 1193 2834 ut
1216 2773 1353 2853 privata

403 2887 552 2949 persona
574 2877 611 2933 et
634 2868 745 2932 amico
767 2859 952 2946 ¹communi,
969 2886 1037 2932 non
1060 2868 1221 2933 informa
1237 2886 1299 2933 uec
1316 2863 1351 2932 in

404 2967 517 3048 ligura
524 2967 648 3052 judicii
664 2968 724 3032 sed
736 2974 838 3031 extra
849 2967 1019 3051 judicium
1032 2961 1265 3033 amicabiliter
1273 2960 1352 3032 cum

403 3067 686 3147 procuratoribus
714 3067 822 3148 partis
847 3066 1003 3131 adversae
1027 3059 1132 3149 super
1153 3063 1234 3149 jure
1259 3068 1352 3150 quod

403 3163 570 3258 babemus
584 3165 639 3228 vel
651 3164 777 3228 babere
792 3166 981 3247 poterimus
993 3165 1029 3228 in
1046 3184 1154 3246 regno
1165 3175 1201 3230 et
1218 3167 1262 3230 ad
1276 3186 1352 3248 reg·

404 3281 486 3326 num
504 3273 539 3326 et
554 3281 718 3327 coronam
735 3263 892 3327 Franciae
907 3279 916 3342 3
940 3282 1073 3327 necnon
1088 3284 1193 3347 super
1210 3266 1351 3348 quibus-
1421 3271 1429 3283 ”

403 3361 483 3424 darn
496 3361 668 3439 dominiis,
679 3369 715 3426 et
727 3361 1013 3444 dignitatibus,et
1027 3361 1226 3440 honoribus,
1240 3365 1352 3442 terris,

403 3460 691 3540 possessionibus,
706 3469 741 3522 et
759 3459 897 3542 juribus
914 3460 958 3523 ad
974 3479 1038 3524 nos
1054 3459 1260 3544 quocunque
1273 3463 1354 3545 jure

403 3557 459 3620 vel
476 3557 590 3621 coloro
605 3565 641 3621 et
660 3556 763 3622 titulo
783 3558 1046 3639 pertinentibus,
1061 3559 1104 3622 de
1121 3561 1248 3642 quibus
1262 3560 1353 3626 inter

404 3672 468 3718 nos
494 3662 529 3719 et
554 3654 685 3720 dictam
715 3653 915 3740 Philippum
939 3657 1162 3722 dissensionis
1185 3658 1243 3723 vel
1269 3679 1352 3724 con-

403 3754 580 3842 troversiae
594 3754 740 3818 materia
752 3761 806 3818 est
818 3755 974 3832 suborta,
986 3755 1041 3818 vel
1054 3757 1181 3838 poterit
1195 3757 1352 3822 suboriri.

438 3927 445 3957 ¹
463 3930 596 3980 Amended
612 3930 676 3979 from
694 3929 769 3993 aaa
787 3929 863 3982 MSS.
890 3932 969 3993 roais,
983 3932 1099 3994 magistri
1110 3933 1233 3982 Willelmi
1244 3935 1276 3982 (le
1287 3934 1354 3983 Nor·

402 4000 464 4048 read
480 4001 583 4049 ‘circa’
890 4001 957 4049 wico
974 4000 1066 4050 decani
1087 4001 1354 4066 Lincolniensis,Wil-

438 4065 599 4132 ’‘liugoms
616 4069 640 4118 le
657 4070 804 4130 Desponser
820 4069 862 4117 do·
889 4069 959 4118 lelmi
969 4069 1083 4134 Trussell
1094 4072 1193 4134 militis,
1202 4076 1228 4121 et
1239 4073 1353 4134 magistri

401 4137 463 4184 mini
475 4137 507 4186 de
519 4138 674 4201 Glamorgan
682 4138 864 4200 consanguinei
891 4138 1001 4186 Andreas
1024 4140 1056 4188 de
1075 4140 1164 4191 Offord
1183 4141 1251 4204 juris
1270 4141 1353 4192 cirilla

401 4205 491 4269 nostri,
502 4207 633 4268 Radulphi
650 4207 682 4256 de
698 4207 807 4256 Stntlord
818 4208 864 4256 ba·
889 4207 1057 4270 professoris,'
1068 4210 1125 4258 Rot.
