3178 4992
244 669 335 710 lldvrard
346 661 365 710 l.

239 721 265 759 Δ.
276 717 303 758 D.
314 720 372 759 1297.

229 773 379 841 W

230 852 336 902 omeouy.

231 1868 278 1908 Tire
287 1876 349 1907 sena

231 1917 298 1965 achal,
306 1917 364 1958 John

231 1969 258 2008 de
267 1969 299 2008 St.
307 1967 373 2018 John,

231 2018 298 2057 taken

230 2067 335 2119 prisoner·

392 481 442 548 76
762 497 976 545 crrnoruoorr

392 652 632 734 insequuntur.
686 649 831 716 Interim
856 651 1068 717 transierunt
1091 653 1202 717 nostri
1226 652 1287 735 qui
1314 653 1350 718 in

394 752 517 816 ultima
534 751 695 815 custodia
715 759 827 828 erant,
850 758 886 815 et
908 751 1090 816 obviantes
1106 761 1241 835 quartae
1262 753 1351 817 aciei

393 851 503 934 ipsius
521 851 658 915 comitis
675 851 786 933 ipsam
805 850 841 915 in
860 849 1012 915 velocem
1029 851 1148 932 sugam
1169 852 1270 934 quasi
1285 872 1350 934 pro
1371 925 1376 934 ,

393 951 502 1014 nihilo
515 958 772 1026 converterunt,
782 948 921 1013 etfacta
932 956 986 1014 est
995 951 1143 1015 obscura
1154 956 1163 985 ‘
1175 949 1282 1027 nox‚'¹
1299 952 1350 1015 ita

392 1049 487 1130 quo'd
509 1049 626 1112 nullus
652 1054 919 1131 cognosceretur
937 1049 984 1113 ab
1007 1048 1118 1114 altero
1139 1050 1206 1114 nisi
1228 1050 1349 1131 lingua

393 1155 551 1212 materna
567 1149 776 1231 loqueretur.
822 1147 1051 1230 Dispersique
1070 1156 1154 1214 stunt
1174 1151 1296 1226 nostri,
1313 1157 1349 1214 et

394 1247 498 1312 etiam
522 1247 660 1324 Franci,
683 1247 875 1311 nescientes
896 1247 983 1311 bene
999 1267 1070 1329 qua
1083 1254 1184 1330 parte
1199 1247 1348 1312 diverto-

393 1356 472 1410 rent
497 1365 679 1429 quousque
701 1346 786 1410 luna
810 1346 942 1410 luceret
972 1365 1079 1429 super
1106 1367 1185 1426 eos;
1209 1347 1350 1412 lucente

393 1446 533 1510 tandem
557 1446 639 1510 luna
661 1445 922 1510 declinaverunt
945 1446 1072 1510 Franci
1089 1447 1132 1511 ad
1151 1447 1254 1510 urbes
1269 1446 1348 1510 fini·

392 1545 509 1622 timos,
533 1553 569 1610 et
591 1544 730 1628 quidam
747 1563 793 1607 ex
817 1545 945 1608 nostris
971 1545 1113 1610 ‘inserti
1133 1553 1211 1610 cum'
1237 1546 1348 1610 Fran-

392 1642 492 1720 cis,'²
513 1644 575 1727 qui
590 1663 669 1708 cum
686 1662 731 1707 ex
746 1644 824 1726 ipsa
845 1643 923 1708 luce
938 1645 995 1708 vel
1008 1643 1131 1726 lingua
1146 1645 1346 1710 manifesta-

392 1749 513 1806 rentur
535 1743 688 1826 propria,
712 1743 806 1824 capti
831 1752 913 1808 sunt
938 1750 975 1808 et
1000 1743 1171 1810 violenter
1192 1744 1346 1810 abducti.

394 1841 492 1908 Inter
507 1860 595 1924 quos
610 1841 770 1906 dominus
789 1841 969 1906 Johannes
984 1843 1026 1907 de
1043 1842 1172 1908 Sancto
1186 1842 1348 1908 Johanne

393 1951 516 2022 captus
527 1949 593 2019 est,
604 1949 640 2006 et
651 1941 791 2024 quidam
802 1941 883 2020 alii3
901 1943 1005 2025 pauci
1016 1949 1345 2009 tamencorruerunt

392 2040 522 2122 gladio,
547 2041 630 2123 quia
653 2039 905 2124 advesperante
921 2041 977 2105 die
993 2041 1183 2107 factasunt
1208 2042 1292 2120 haec,
1311 2049 1348 2107 et

393 2148 621 2224 cooperuerat
645 2159 705 2205 eos
730 2141 832 2223 quasi
859 2140 975 2205 subita
1006 2141 1132 2224 caligo,
1156 2160 1219 2206 nec
1248 2149 1349 2206 erant

392 2240 570 2322 pedestres
593 2239 673 2304 hinc
702 2239 758 2303 vel
785 2239 864 2303 inde
895 2239 956 2322 qui
986 2239 1160 2323 projectos
1192 2248 1347 2306 armatos

392 2339 584 2421 spoliarent
613 2339 670 2404 vel
701 2339 947 2404 interimerent.
1009 2339 1132 2404 Nostri
1164 2341 1254 2406 enirn
1284 2361 1346 2422 pe-

394 2437 528 2503 destres
555 2445 794 2503 remanserunt
821 2437 858 2500 in
885 2459 1036 2516 nemore,
1054 2459 1118 2503 nec
1143 2440 1224 2504 boni
1250 2441 1346 2523 quic-

394 2556 498 2618 quam
526 2538 644 2602 exorsi
672 2543 766 2601 sunt.
811 2535 869 2600 Ex
898 2539 1041 2603 armatis
1073 2546 1189 2603 autem
1219 2539 1347 2604 nostris

393 2637 541 2702 trecenti
568 2637 634 2701 viri
663 2644 906 2719 processerunt
935 2636 1109 2719 ‘usque'³
1141 2639 1346 2720 Belegarde,

393 2737 453 2800 sed
479 2743 596 2808 tamen
617 2756 639 2800 a
659 2736 805 2812 civibus,
822 2737 882 2818 qni
896 2735 970 2819 jam
995 2737 1061 2801 hoc
1086 2737 1217 2802 sactum
1244 2738 1343 2803 audi·

393 2844 504 2911 erant,
526 2834 669 2901 admissi
691 2855 760 2899 non
782 2843 877 2912 sunt,
894 2836 967 2913 sed,
988 2838 1115 2902 clausis
1132 2836 1263 2921 januis,
1281 2838 1347 2901 irn-

393 2936 628 3018 properabant
644 2935 693 3000 eis
711 2934 805 3018 quod
827 2953 910 3000 suos
928 2937 1107 3002 consocios
1132 2944 1168 3001 et
1183 2938 1345 3001 comitem

392 3041 570 3099 strenuum
601 3043 672 3101 tam
697 3033 890 3099 vecorditer
912 3036 1138 3118 reliquerunt,
1167 3056 1345 3119 processe-

393 3143 542 3218 runtque
565 3134 685 3200 eadem
707 3141 809 3199 nocte
831 3134 875 3199 ad
897 3135 1065 3200 Sanctum
1088 3135 1261 3218 Gynernm
1283 3156 1347 3219 per

393 3242 544 3316 quatuor
557 3236 687 3314 leucas,
705 3242 740 3298 et
755 3234 804 3298 ibi
820 3235 951 3318 recepti
968 3242 1062 3300 sunt.
1114 3235 1347 3318 Susceperunt

394 3340 510 3398 tamen
539 3334 626 3399 alios
658 3334 694 3397 in
726 3332 897 3415 profundo
933 3336 1045 3399 noctis
1075 3335 1266 3411 venienteS,
1299 3343 1347 3412 et,

393 3451 513 3495 eorum
539 3433 683 3497 consilio
704 3432 795 3509 freti,
813 3434 944 3519 egressi
967 3441 1048 3498 sunt
1069 3433 1106 3496 in
1130 3452 1256 3500 aurora
1276 3433 1347 3501 diei

394 3529 439 3594 ad
471 3531 585 3594 locum
615 3550 755 3614 pugnae,
787 3533 992 3614 colligentes
1022 3532 1134 3615 spolia
1163 3533 1284 3609 multa,
1310 3541 1346 3600 et

393 3629 599 3693 frumentum
614 3630 707 3712 quod
722 3638 947 3712 portaverant
959 3639 1191 3714 asportantes.
1220 3631 1345 3696 Comes

393 3734 510 3792 autem
542 3738 661 3794 noster
698 3749 776 3795 cum
808 3731 926 3796 multis
955 3731 1032 3796 aliis
1067 3748 1197 3813 magno
1233 3733 1345 3797 noctis

393 3829 508 3911 spatio
531 3847 678 3910 vagam,
697 3848 774 3894 cum
792 3830 868 3913 jam
888 3833 1037 3895 nesciret
1056 3851 1126 3913 quo
1148 3830 1348 3910 diverteret,

393 3947 455 4011 per
474 3928 619 3993 eandem
639 3928 732 3992 viam
756 3949 916 3994 reversus
931 3938 985 3996 est
1001 3950 1072 4014 qua
1089 3938 1126 3995 et
1143 3939 1298 4009 venerat,
1312 3937 1348 3996 et

426 4115 462 4216 :1
468 4113 855 4247 enitentes-tn,
878 4149 1091 4271 ,ggpppp
1105 4149 1346 4204 uss-essan-

389 4257 448 4308 MS.
459 4257 555 4308 Iamo.
