3144 4990
425 489 595 538 wnnrcnr
619 490 665 537 nn
689 489 976 539 nnuruonuncn.
1107 475 1172 540 361

223 646 310 728 regii
325 631 447 728 parum
463 653 637 723 curantes,
652 665 769 728 regem
788 647 888 729 quasi
906 647 1051 729 pecunia
1068 648 1173 712 desti·
1189 665 1339 757 Eg'ffiffl·

224 753 335 810 tutum
354 745 555 809 dimiserunt
569 752 605 809 et
629 764 787 828 egenum.
840 745 895 808 Re
922 747 1011 809 enim
1039 767 1123 811 vera
1146 749 1176 811 si
1196 743 1341 782 -“·“-

226 850 326 924 gesta
349 864 471 925 regum
495 863 517 908 a
544 844 732 908 monarcha
760 845 871 926 primo
897 843 1092 927 Anglorum
1121 866 1175 910 re·

227 944 432 1020 voluissent,
460 952 691 1026 accurateque
719 943 995 1008 considerassent
1021 945 1177 1028 praeteri·

227 1049 340 1106 torum
376 1042 472 1106 filum
496 1057 634 1106 xxvnr.
667 1061 847 1118 annorum,
885 1049 957 1106 tam
988 1049 1177 1120 strenuum,

227 1141 480 1206 misericordem
516 1150 552 1205 et
586 1141 760 1217 humilem,
791 1142 940 1205 insulam
973 1143 1180 1224 produxisse

229 1241 368 1304 minime
397 1241 616 1322 reperissent.
662 1238 757 1305 Ante
785 1240 937 1304 Tornaci
966 1242 1180 1306 obsidionem

229 1339 323 1403 misit
349 1359 412 1402 rex
430 1338 568 1420 Angliae
586 1338 799 1403 Francorum
820 1341 894 1420 regi
917 1339 1049 1416 literae,
1067 1343 1180 1422 ipsum

230 1438 428 1502 nullatenus
450 1457 567 1520 regem
595 1437 655 1501 sed
684 1437 884 1520 Philippum
899 1438 941 1501 de
957 1438 1101 1502 Valesio
1118 1458 1181 1503 no·

230 1537 406 1615 minando,
422 1538 513 1601 inter
534 1544 660 1600 caetera
683 1537 769 1600 talia
786 1536 1025 1601 continentes.1
1077 1537 1181 1616 Quod

232 1638 314 1718 quia
328 1655 390 1718 per
406 1636 550 1700 nuncios
576 1654 658 1700 suos
685 1636 801 1718 plures
825 1637 921 1718 pacis
936 1637 1012 1700 vias
1029 1637 1182 1701 rationa-

234 1736 333 1810 biles,
348 1755 411 1816 pro
428 1735 508 1817 jure
535 1754 598 1798 suo
617 1736 653 1797 in
681 1754 787 1815 regno
814 1734 972 1798 Franciae
999 1736 1183 1800 baeredita-

233 1843 337 1916 teque
354 1834 471 1898 debita
493 1833 748 1915 recuperandis
766 1833 933 1898 hactenus
948 1836 992 1898 ab
1007 1836 1083 1917 ipso
1101 1855 1183 1899 con-

234 1941 290 1997 tra
309 1933 424 1997 Deum
449 1941 483 1996 et
503 1932 676 2015 justitiam
702 1932 850 1995 detentis
879 1952 921 1996 ac
947 1935 1137 2014 occupatiS,
1153 1935 1184 1996 ei

235 2032 429 2107 obtulisset,
455 2051 519 2095 nec
553 2033 584 2094 ei
611 2031 779 2095 rationem
802 2051 913 2113 neque
934 2032 1120 2115 justitiam,
1147 2045 1186 2096 ut

139 2143 141 2148 '
235 2131 429 2207 videbatur,
459 2131 572 2195 facere
596 2130 817 2207 decrevisset,
841 2131 931 2194 idem
962 2151 1024 2194 rex
1049 2130 1187 2213 Angliae

235 2247 298 2312 per
329 2229 477 2294 medium
513 2230 682 2306 Franciae,
708 2230 799 2294 sicut
828 2231 985 2294 dominus
1016 2231 1186 2312 superior,

237 2330 435 2407 transierat,
468 2323 686 2410 collectaque
724 2348 841 2392 secum
887 2337 988 2395 terrae
1034 2329 1187 2412 ejusdem

239 2429 378 2493 fortium
401 2429 568 2510 potentia,
594 2444 715 2491 versus
736 2429 850 2511 ipsum
872 2447 909 2492 se
936 2436 1130 2492 attraxerat
1153 2429 1188 2492 in

234 2528 315 2611 jure
339 2547 403 2591 suo
423 2528 525 2590 finem
554 2527 631 2591 lleo
653 2527 857 2610 placabilem
885 2527 1049 2590 affectans
1075 2528 1189 2591 facere

238 2627 441 2692 breviorem.
489 2627 535 2690 Et
550 2627 633 2708 quia
645 2645 752 2690 causa
763 2627 852 2690 inter
865 2627 959 2708 ipsos
976 2627 1063 2690 duos
1076 2627 1190 2691 fuerat
1202 2647 1292 2689 meare

1202 2700 1263 2738 offers
1270 2701 1293 2736 to

239 2733 347 2803 mota,
381 2746 445 2809 pro
481 2725 704 2808 oppressione
743 2726 872 2808 populi,
905 2727 1112 2803 vastatione,
1148 2746 1318 2789 acnuam

240 2833 358 2906 strage
374 2825 556 2899 evitandis
565 2825 693 2888 bellum
707 2823 799 2886 inter
812 2843 871 2886 eos
882 2825 980 2888 fieret
995 2826 1189 2905 singulare:
1202 2797 1342 2888 {papaque

241 2933 276 2988 et
291 2923 391 2986 sivla
406 2922 495 2986 forte
508 2923 577 2985 ista
593 2923 679 2986 ‘sibi
697 2941 766 2985 non
785 2923 919 3002 placere
936 2923 1191 3004 contingeret,’²
1204 2899 1319 2998 wey

243 3041 288 3084 ex
305 3029 403 3103 parte
413 3027 559 3102 utraque
572 3028 710 3084 centum
722 3041 800 3084 cum
814 3040 895 3102 rege
908 3041 971 3085 suo
982 3021 1141 3084 fortiores
1151 3041 1192 3086 ac
1204 3000 1294 3037 “mm

244 3115 427 3183 validiores
452 3119 684 3193 convenirent,
708 3119 905 3201 bellumque
931 3121 1191 3184 committerent.

244 3217 348 3296 ‘Quod
373 3219 403 3281 si
427 3219 496 3282 ista
512 3216 696 3300 Philippus
712 3217 898 3300 praedictus
921 3227 1102 3300 acceptare
1123 3239 1193 3284 non

243 3326 393 3395 curaret,
403 3317 494 3380 infra
505 3317 622 3380 decem
637 3316 709 3380 dies
726 3317 883 3398 proximo
893 3325 1077 3400 sequentes
1087 3318 1193 3400 juxta

239 3418 420 3481 civitatem
437 3415 690 3480 Tornacensem
702 3435 778 3479 cum
791 3417 951 3480 universo
966 3418 1118 3480 exercitu
1130 3436 1193 3480 suo

244 3516 374 3579 bellum
404 3516 524 3580 daret:
548 3522 583 3578 et
609 3515 691 3597 quid
719 3514 962 3597 praedictorum
986 3515 1113 3597 eligere
1136 3516 1195 3578 de-

247 3615 423 3691 liberaret,
436 3615 467 3678 ei
482 3634 544 3697 per
561 3615 679 3678 literas
698 3633 780 3677 snas
792 3615 982 3678 remitteret
997 3615 1071 3678 sine
1087 3635 1194 3679 mora.

244 3714 443 3796 ¹Rescripsit
463 3721 577 3778 autem
595 3713 626 3776 ei
642 3733 705 3776 rex
725 3713 882 3776 Franciee
897 3714 932 3776 in
948 3711 1105 3777 Gallico³
1131 3715 1195 3777 sub

248 3811 314 3878 hac
328 3813 450 3877 forma.
470 3829 471 3833 ’

285 4025 367 4076 ''l'bis
375 4027 514 4089 cballenge,
523 4027 622 4087 printed
630 4025 711 4076 atfull
771 4024 869 4075 ²‘non
891 4027 1004 4087 placeret
1029 4029 1097 4088 sibi,’
1122 4028 1197 4078 MSS.

250 4100 277 4146 in
289 4097 405 4159 Rymer’s
417 4097 527 4144 Foedera
538 4093 579 4162 (ii.
592 4094 678 4161 1131),
689 4098 711 4145 is
738 4095 804 4146 Coll.
819 4096 889 4145 Trin.
907 4096 939 4144 R.
959 4101 983 4158 5,
1001 4098 1041 4158 lo,
1061 4098 1112 4145 and
1131 4097 1197 4148 Oott.

251 4168 354 4217 datedd
374 4165 444 4229 Gbya
460 4181 502 4214 eur
519 4167 552 4214 les
569 4165 673 4229 Cbcmps
684 4168 712 4214 dc
740 4166 818 4227 Nero,
830 4166 865 4214 D.
878 4167 905 4215 ii.
949 4197 951 4201 -

252 4237 312 4286 Lees
322 4237 440 4299 Taurum,
449 4251 481 4284 on
489 4236 530 4284 the
540 4236 600 4284 soth
607 4236 636 4284 ol
640 4237 657 4286 J
659 4234 712 4297 uly.
772 4238 782 4267 ³
801 4235 871 4297 King
882 4234 992 4296 Pbilip's
1010 4236 1082 4296 reply
1093 4236 1115 4283 is
1127 4237 1201 4298 given
