3166 4992
399 474 570 522 wnnunm
594 474 641 521 nn
665 471 947 522 nnntncnuacn.
1082 455 1148 521 259

195 637 230 696 et
253 629 452 696 Gomorrha
468 631 624 697 totaliter
646 631 693 695 sit
720 631 929 695 submersus.
982 628 1086 714 Quod
1116 631 1145 694 si
1171 641 1300 736 ffffltwp·

196 731 399 813 perterritus
411 751 456 795 ex
471 731 536 794 hiis
548 723 651 795 dietis
661 750 729 794 nou
742 730 917 794 destiterit
929 730 973 793 ab
984 730 1144 812 inceptiS,
1157 773 1277 813 „mmm

194 839 230 895 et
243 830 497 894 restitutionem
513 850 582 894 non
595 829 715 894 fecerit
733 830 776 893 dc
791 829 976 911 perceptis,
994 829 1144 910 psallent
1155 823 1304 922 {ssffssffpssffl

194 948 257 1011 pro
301 949 343 993 eo
388 937 519 994 extunc
558 931 717 1010 nequiter
755 928 918 993 indurato
962 927 1141 992 Psalmum
1155 923 1296 1014 {23:3¹3}

194 1029 418 1093 centesimum
435 1037 611 1104 octavum,
629 1028 688 1091 Illi
705 1028 761 1092 cui
776 1028 893 1091 omnia
909 1034 992 1091 sunt
1008 1034 1141 1108 aperta,

193 1114 321 1208 singuli
350 1127 496 1209 singulis
527 1127 660 1203 diebus,
696 1127 791 1193 clara
823 1145 907 1190 voce
936 1127 973 1191 iu
1004 1125 1142 1192 cbristo

195 1225 419 1303 devotissimi,
437 1227 534 1290 Deus
552 1226 689 1290 laudem
706 1226 796 1290 etc.”

334 1444 415 1508 Item
430 1445 506 1508 corti
523 1443 668 1508 Articuli
682 1444 720 1508 de
740 1442 1003 1530 Oppressionlbus.

244 1616 356 1682 Cum¹
377 1618 413 1681 iu
430 1619 660 1700 parliamento
674 1617 806 1682 domini
826 1618 918 1700 regis
941 1619 1034 1700 apud
1050 1619 1137 1684 Gar·
1151 1638 1234 1688 urunt,

194 1717 313 1781 liolum
332 1717 368 1779 in
385 1718 519 1780 oetavis
539 1717 657 1780 Sancti
673 1716 814 1792 Hilarii,
833 1723 946 1781 ‘anno
959 1717 989 1752 '²
1009 1689 1243 1784 domini²⁸'‘²⁰'

193 1816 284 1897 regis
300 1814 461 1878 Edwardi
478 1816 652 1880 tricesimo
667 1816 798 1898 quinto,
817 1817 1004 1898 propositae
1030 1817 1139 1880 ‘fuis-

193 1922 271 1977 sent
288 1911 481 1996 quaedam'³
497 1914 680 1995 petitiones
698 1932 759 1994 per
775 1914 931 1991 comites,
946 1915 1093 1978 barones
1106 1923 1142 1978 et

193 2013 282 2077 alios
314 2019 505 2093 magnates,
538 2020 573 2076 et
603 2012 882 2076 communitatem
910 2015 1017 2076 totius
1043 2016 1141 2094 regni

193 2109 344 2192 Angliae,
362 2129 424 2193 pro
448 2117 543 2175 statu
572 2130 710 2174 coronae
739 2111 856 2192 regim,
874 2131 1008 2176 necnon
1030 2118 1139 2176 terra-

193 2227 269 2272 rum
291 2210 399 2292 ipsius
422 2210 513 2290 regis
536 2209 675 2286 Scotiee,
691 2209 832 2273 Walliee
849 2217 885 2274 et
899 2209 1089 2286 Hiberniae,
1106 2220 1142 2276 et

193 2317 269 2373 tota
290 2310 536 2373 communitate
562 2308 742 2391 praedicta,
765 2326 870 2390 super
897 2309 1013 2386 variis,
1041 2311 1141 2374 novis

192 2415 229 2472 et
253 2407 526 2472 intolerabilibus
549 2408 819 2488 gravaminibus
846 2407 1139 2490 oppressionibus,

191 2505 327 2590 injuriis
342 2515 378 2570 et
393 2507 658 2583 extortionibus,
674 2506 829 2588 praefatis
845 2507 1028 2572 comitibus
1039 2508 1140 2572 baro-

192 2606 294 2670 nibus
311 2613 346 2670 et
365 2606 585 2687 magnatibus
609 2613 645 2668 et
660 2606 913 2683 communitati,
931 2607 1139 2672 auctoritate

191 2704 319 2768 domini
334 2723 435 2788 papae
445 2713 481 2768 et
493 2703 667 2781 mandato,
683 2705 840 2769 ucetiam
858 2724 919 2786 per
934 2706 1139 2787 magistrum

191 2803 404 2870 Willelmum
421 2802 530 2866 Testa
549 2803 679 2866 domini
703 2821 804 2885 papae
819 2803 993 2880 clericum,
1008 2823 1139 2869 necnon

191 2901 346 2985 ejusdem
371 2902 528 2982 magistri
546 2899 713 2965 Willelmi
734 2901 999 2978 commissarios,
1020 2903 1138 2966 minis-

190 3007 276 3076 tros,
292 3018 354 3063 seu
369 2997 503 3082 ‘ejus'⁴
525 2999 617 3063 vices
636 3008 794 3080 gerentes
815 3006 850 3063 et
871 3000 982 3081 ipsius
1005 3001 1140 3064 nomine

183 3099 297 3164 ,illatis
319 3097 556 3179 multipliciter
578 3098 613 3161 in
633 3116 741 3178 regno
758 3095 959 3179 ‘Angliae'⁴
981 3108 1017 3163 et
1040 3099 1141 3162 terris

191 3197 378 3280 praedictis,
401 3204 505 3277 prout
532 3197 568 3259 iu
596 3195 752 3260 articulis
777 3197 950 3261 contentis
978 3196 1142 3262 ‘inferius

190 3297 365 3373 inseritur,
381 3296 440 3377 qui
457 3293 545 3360 tales
561 3291 757 3359 sunt.’⁶--“
772 3295 827 3360 De
842 3295 1009 3359 effrenata
1026 3295 1143 3377 provi-

191 3396 327 3460 sionum
344 3393 563 3458 multitudiue
577 3394 859 3476 apostolicarum,
874 3400 1075 3476 ‘perquam
1088 3413 1144 3458 or·

191 3485 365 3558 dinaria'⁶
402 3493 644 3557 beneficiorum
682 3493 823 3557 collatio
860 3491 1063 3570 ‘tollitur,'⁷
1103 3511 1145 3556 nc

228 3657 235 3685 ¹
253 3660 326 3708 From
338 3659 389 3708 tbis
399 3661 471 3720 point
481 3665 507 3709 to
518 3661 560 3711 tbe
568 3662 617 3709 end
629 3660 658 3709 of
714 3659 724 3690 ⁴
743 3661 857 3710 Omitted
870 3663 896 3712 iu
908 3663 968 3711 Rot.

192 3731 319 3790 pagercn
336 3729 530 3790 Hemiugburgb
549 3729 595 3778 bas
611 3745 655 3779 ex·
714 3745 786 3797 sq„
843 3749 944 3798 affictis
990 3747 1136 3798 efflionibus

193 3797 291 3846 tractcd
301 3797 393 3846 almost
403 3799 526 3846 verbatim
538 3797 602 3847 from
613 3799 655 3846 the
698 3817 725 3866 ui
747 3763 893 3867 megum
925 3765 1044 3866 mgna,
1075 3783 1146 3864 vide:

193 3867 352 3917 Partiament
377 3867 459 3928 nous,
478 3871 507 3916 ss
532 3867 608 3916 now.
631 3868 655 3916 1.
680 3833 826 3948 ficem,
894 3849 901 3879 ’
1045 3851 1053 3878 ’

193 3935 265 4002 (Rot.
282 3934 354 3984 Parl.
371 3935 390 3984 i.
408 3932 480 4000 210.)
516 3936 570 3984 'l'be
587 3937 657 3996 priu-
716 3983 727 4014 ⁰
983 3987 988 3998 ¹

194 4005 263 4065 cipnl
277 4005 417 4055 variatious
428 4005 457 4052 of
464 4004 507 4054 tbe
519 4005 657 4054 enrolment
726 4057 731 4070 ³
744 3989 807 4048 ιΡΒΓ
818 4001 883 4048 quas
891 3991 1057 4047 P⁰t¹⁰¹¹¹⁸⁸⁰¹1
1069 3985 1146 4033 adm·

193 4071 382 4122 vultanum
393 4073 485 4123 below.
683 4057 835 4117 catm’Rot·

229 4140 506 4203 ²‘anuoregni,’Rot.
716 4137 727 4170 ¹
751 4140 869 4192 ‘tollitur
893 4153 938 4190 seu
966 4138 1147 4200 presentatio:

229 4209 240 4242 ³
257 4211 392 4272 ‘·luerunt,'
404 4211 461 4264 Rot.
685 4209 742 4262 not.
