3178 4992
411 479 581 528 wnurnar
606 479 653 525 nu
676 478 959 527 uuurncnuaou.
1098 462 1164 525 165

215 640 250 696 et
277 633 486 696 arbitramur
509 632 601 714 quod
628 652 691 696 rex
717 631 874 695 Franciae
898 631 1079 713 promittat
1101 638 1163 714 per‘
1186 646 1310 736 {⁶3⁸5}ss

215 731 468 814 ‘jurameutum
492 752 555 814 pro
579 730 696 813 ipso‚'¹
716 732 752 794 in
775 731 924 794 animam
949 749 1049 802 suam
1071 750 1160 812 prae·
1173 723 1285 820 &aad
1309 724 1315 735 ’

215 831 386 906 standum,
426 851 464 894 se
505 832 640 894 tradere
677 829 879 913 praedictam
916 829 1022 893 filiam
1060 850 1159 894 suam
1172 830 1282 920 ἔξω

214 923 1160 1012 praedicto‘Edwardo'²nuptui,temporequoconcor-

214 1027 333 1090 datum
358 1031 514 1093 extiterit
537 1030 627 1093 inter
647 1030 743 1112 ipsos
770 1029 824 1093 vol
845 1048 907 1111 per
928 1048 991 1092 nos
1014 1030 1159 1094 arbitra·

216 1134 288 1189 turn
304 1126 407 1191 fuerit
426 1129 480 1192 vel
502 1128 692 1193 laudatum.
723 1181 726 1184 .
745 1127 815 1192 Pro
833 1128 958 1210 quibus
979 1129 1160 1194 attenden-

215 1225 267 1288 dis
297 1226 441 1290 firmiter
477 1236 512 1292 et
548 1227 694 1290 fideliter
731 1226 986 1308 adimplendis,.
1003 1227 1159 1306 dicimus,

215 1324 407 1401 laudamus,
420 1333 454 1390 et
467 1327 675 1390 arbitramur
686 1325 778 1408 quod
792 1346 899 1408 poena
914 1327 978 1390 ‘de
990 1328 1160 1408 quainter

215 1432 332 1505 partes
358 1425 463 1488 fuerit
486 1425 752 1501 concordatumf
768 1425 825 1488 vel
851 1426 910 1489 ubi
934 1433 1051 1509 partes
1073 1427 1159 1508 ipsae

215 1542 283 1586 nou
301 1525 550 1588 concordarent
572 1544 635 1606 per
651 1544 714 1588 nos
737 1525 936 1588 arbitranda
953 1531 989 1588 et
1005 1526 1159 1590 taxanda

216 1621 408 1699 firmetur,'³
422 1632 457 1687 et
468 1625 512 1687 ab
526 1630 674 1706 utraque
690 1631 790 1706 parte
806 1626 994 1706 ‘promissa
1009 1624 1160 1689 valletur

215 1719 415 1786 solvenda'⁴
444 1723 537 1804 parti
565 1724 700 1805 parenti
729 1731 875 1804 aparte
901 1744 970 1787 nou
1003 1733 1158 1806 parente,

214 1839 276 1902 per
308 1841 412 1903 quam
445 1816 647 1904 ‘poenam'²
680 1823 856 1904 negotium
889 1823 982 1886 istud
1016 1824 1053 1885 in
1081 1831 1158 1887 tuto

214 1927 374 2001 ponatur,
398 1928 433 1986 et
454 1929 571 2004 partes
589 1921 631 1984 ad
656 1920 732 2004 ejus
754 1913 892 1984 finalem
920 1924 1158 1985 executionem

215 2017 385 2083 efficacius
396 2020 612 2084 inducantur.
646 2020 756 2104 Cujus
768 2040 881 2102 poenae
896 2021 1158 2102 promissionem

214 2122 250 2182 et
287 2119 530 2201 obligationem
567 2118 750 2184 efficaciter
783 2119 899 2184 valere
928 2120 1088 2183 volumus
1122 2128 1158 2185 et

213 2217 427 2283 decernimus
455 2239 496 2284 ac
528 2227 656 2295 tenere,
683 2238 751 2282 non
777 2219 995 2282 obstantibus
1020 2219 1157 2302 juribus

215 2335 293 2398 quae
334 2338 397 2400 pro
434 2319 594 2384 libertate
630 2318 924 2382 matrimoniorum
961 2317 1158 2401 hujusmodi

214 2435 336 2498 poenas
353 2417 520 2495 inhibent,
538 2438 615 2500 quae
630 2437 675 2481 ex
698 2423 793 2483 certa
810 2417 954 2481 scientia
975 2437 1039 2499 pro
1060 2424 1158 2482 tanto

214 2517 303 2580 bono
327 2517 477 2581 tollimus
502 2519 537 2581 in
562 2518 626 2581 hoc
646 2536 739 2581 casu.
790 2514 968 2581 Audentes
988 2516 1158 2581 nibilomi-

214 2635 279 2678 nus
305 2616 397 2698 quod
424 2637 523 2699 reges
552 2616 708 2700 praedicti
739 2615 875 2696 aliquos
903 2615 946 2678 de
971 2616 1158 2679 baronibus

214 2716 286 2777 suis
312 2716 534 2780 notabiliores
568 2735 631 2798 per
658 2714 857 2798 juramenta
888 2714 1022 2778 faciant
1054 2715 1159 2778 ‘obli-

216 2809 339 2894 gare'⁵
376 2815 420 2878 ad
458 2814 635 2898 sponsalia
673 2812 839 2896 praedicta
867 2821 903 2876 et
941 2814 1160 2877 matrimonia

213 2915 439 2994 procuranda,
456 2922 492 2976 et
506 2913 549 2976 ad
568 2911 721 2975 tollenda
740 2911 984 2992 impedimenta
1002 2932 1065 2993 pro
1087 2913 1161 2975 ‘vi-

214 3003 350 3074 ribus'⁶
377 3031 455 3094 quae
486 3018 628 3093 possent
653 3011 745 3073 circa
772 3009 837 3072 boc
863 3009 919 3072 vel
949 3017 1069 3073 contra
1095 3010 1160 3072 boc

214 3110 372 3174 inveniri.
433 3111 528 3189 Quia
552 3126 634 3173 vero
660 3107 836 3190 sponsalia
866 3109 1034 3188 praedicta
1058 3115 1158 3171 tanto

215 3209 363 3291 amplius
392 3209 626 3272 desideramus
649 3207 775 3270 babere
795 3206 927 3269 felicem
948 3205 1105 3271 ellectum
1125 3213 1161 3269 et

215 3307 386 3372 efficacem
412 3316 572 3372 eventum
599 3313 730 3388 quanto
758 3324 821 3388 per
849 3305 915 3369 hoc
938 3303 1162 3388 probabiliter

215 3408 384 3471 credimus
412 3427 532 3489 pacem
563 3405 763 3489 praedictam
796 3404 927 3470 firmius
959 3414 994 3469 et
1023 3404 1161 3468 fidelius

216 3507 402 3582 observari,
421 3527 484 3589 pro
502 3513 601 3571 tanto
620 3505 716 3588 pacis
733 3506 823 3568 bono
845 3504 1059 3568 decernimus
1077 3523 1160 3566 auc-

217 3608 355 3670 toritate
378 3607 569 3690 apostolica
592 3604 682 3687 quod
708 3604 918 3684 terraregis
941 3603 1034 3667 illius
1061 3604 1162 3687 cujus

216 3705 319 3788 culpa
332 3705 388 3768 vel
400 3706 533 3769 malitia
550 3701 731 3768 ‘steterit'⁷
746 3704 927 3785 quominus
939 3703 1165 3768 ‘contraban-

251 3879 258 3909 ¹
276 3877 677 3944 ‘juramentumsuumproipnss
737 3874 747 3903 ⁴
763 3877 906 3937 ‘promissa
926 3882 952 3926 et
973 3845 1094 3926 soluenda
1111 3877 1166 3926 val-

214 3951 291 4001 MSS.
702 3945 889 4026 letur‚’MSS.·

248 4051 259 4082 ²
276 4052 390 4103 cmiter
400 4053 427 4101 in
438 4052 515 4103 uss.
738 4013 749 4105 ἶ
765 4012 1049 4132 Ῑζῌξξζςζιξζίῗῇεε.

248 4153 259 4184 ³
275 4157 340 4204 ‘tali
363 4168 441 4217 poena
463 4153 613 4215 apponenda
637 4153 677 4200 lir-
738 4143 890 4214 l‘feccrit’
913 4117 989 4203 M'SS.
1015 4151 1080 4202 0011.
1099 4151 1168 4202 Tria.

213 4225 312 4288 metor,'
324 4225 399 4275 MSS.
543 4253 546 4258 -
705 4221 755 4270 and
767 4221 833 4272 cort.
844 4222 923 4283 Vesp.
965 4245 969 4254 v
