3178 4992
411 461 478 527 128
779 475 989 524 cnnoruoon
1124 467 1125 472 ’

264 653 388 745 paffi.
412 634 535 699 tiarius
546 632 731 716 veroregis
744 633 902 698 dominus
913 603 1166 700 Willclmus'de
1177 632 1361 717 Onnesby,

154 803 156 810 ,
285 732 291 744 ’
319 731 325 744 ’
385 731 624 818 'praeceptum
663 734 755 814 regis
790 753 1015 817 prosequens,
1048 753 1166 798 omnes
1197 735 1257 816 qui
1287 735 1360 816 regi

249 813 360 904 afflui
412 833 551 916 Angliae
572 833 773 898 fidelitatem
795 834 908 898 facere
930 834 1113 898 noluerant
1135 835 1266 936 abspue
1284 854 1361 917 per-

250 954 345 993 unum
411 954 575 999 sonarum
590 933 811 998 distinctione
826 933 1001 999 exulabat.
1047 929 1359 1022 Eratque‘t'luidam

250 1005 358 1094 ἷῗιέὼῗίο
371 1007 502 1122 Viatro
526 1034 698 1117 publiano,
715 1031 912 1098 Willelmus
934 1033 1102 1117 Walays¹
1125 1025 1274 1114 nomine,
1300 1035 1360 1116 qui

249 1104 391 1197 illfflffie
411 1134 530 1198 multis
558 1134 771 1215 temporibus
798 1133 1011 1198 exulaverat.
1065 1134 1136 1198 Hic
1164 1153 1241 1198 cum
1268 1123 1359 1198 esset

250 1205 317 1245 Μ’
411 1253 524 1316 vagus
534 1240 570 1298 et
584 1233 752 1316 profugus
769 1252 887 1298 omnes
899 1234 1082 1299 exulantes
1100 1232 1359 1299 ‘convocavit'²

412 1334 456 1397 ad
472 1353 522 1410 se,
538 1340 573 1397 et
589 1332 703 1397 factus
720 1341 774 1396 est
791 1334 892 1415 quasi
910 1333 1069 1418 princeps
1087 1353 1218 1410 eorum,
1234 1340 1269 1398 et
1286 1354 1360 1399 cre·

412 1440 537 1498 verunt
557 1434 593 1496 in
621 1433 789 1515 populum
812 1432 970 1497 multum.
1024 1433 1119 1499 Huic
1141 1433 1361 1498 etiamasso-

412 1533 525 1597 oiatus
549 1539 602 1597 est
625 1532 683 1595 ille
710 1532 809 1596 miles
831 1532 1029 1598 Willelmus
1057 1534 1207 1616 Duglas,
1233 1534 1293 1616 qui
1323 1535 1360 1597 in

413 1634 574 1715 captione
590 1631 699 1696 castri
729 1632 772 1695 de
805 1632 976 1717 Berawyk
1005 1653 1043 1698 se
1071 1653 1149 1698 cum
1181 1635 1254 1698 suis
1285 1634 1359 1715 regi

349 1773 351 1792 .
413 1739 533 1798 nostro
563 1731 718 1808 dederat,
742 1731 842 1796 salva
870 1733 935 1797 sibi
961 1733 1035 1800 vita
1063 1741 1098 1798 et
1121 1733 1294 1811 membris
1320 1740 1360 1797 ut

346 1895 349 1915 ἦ
413 1831 650 1915 supradictum
676 1839 750 1912 est3
778 1851 879 1914 quem
904 1853 982 1897 cum
1011 1852 1074 1897 rex
1098 1834 1141 1898 ad
1169 1833 1284 1898 omnia
1305 1853 1359 1898 re·

414 1932 597 2010 stituisset,
629 1931 744 1996 factus
772 1941 826 1996 est
854 1932 1021 1997 bonorum
1045 1935 1236 2010 immemor,
1269 1933 1360 1997 latro

357 2089 377 2106 „
413 2030 541 2096 latroni
573 2031 738 2109 sociatae,
773 2031 994 2098 liberatorem
1023 2053 1137 2112 suum,
1171 2033 1294 2098 saltem
1324 2033 1360 2096 in

414 2131 574 2209 subditis,
592 2129 854 2214 ‘persecutus’³
870 2140 924 2197 est
940 2134 976 2197 in
993 2141 1151 2198 mortem.
1203 2133 1361 2214 Cumque

414 2232 572 2313 praedicti
586 2251 701 2295 comes
716 2239 752 2295 et
768 2230 1004 2297 thesaurarius
1021 2233 1065 2297 ad
1082 2241 1201 2316 partes
1219 2252 1361 2316 perrex-

415 2330 525 2395 issent
551 2331 734 2408 australes,
758 2337 798 2394 ut
825 2332 1054 2414 parliamento
1077 2333 1168 2416 regis
1192 2334 1360 2397 interesse

415 2437 558 2513 possent
579 2431 671 2513 quod
695 2431 731 2494 in
754 2430 843 2496 festo
871 2434 982 2497 sancti
1012 2432 1110 2498 Petri
1136 2432 1180 2496 ad
1209 2432 1361 2498 Vincula

415 2529 605 2594 Londcniis
631 2530 825 2609 tenebatur,
858 2532 943 2597 nihil
968 2532 1051 2596 mali
1077 2534 1294 2616 suspicantes
1325 2532 1361 2596 in

414 2629 541 2706 Sectis,
564 2649 643 2695 ecce
665 2629 824 2712 praedicti
847 2631 917 2696 duo
942 2632 1110 2699 Willelmi
1129 2653 1207 2697 oum
1232 2632 1361 2716 populo

413 2749 577 2813 perverso
594 2731 785 2808 venientes,
808 2731 994 2797 credebant
1017 2751 1054 2796 se
1075 2733 1230 2798 invenire
1258 2751 1361 2815 posse

410 2830 640 2914 justitiarium
659 2831 751 2912 regis
772 2832 883 2895 nostri
903 2832 1106 2914 praedictum
1122 2832 1215 2916 apud
1238 2831 1362 2908 Scone,

414 2929 475 2994 ubi
496 2929 736 3013 placitaverat,
759 2937 794 2996 et
814 2938 855 2996 nt
880 2950 958 2996 eum
984 2933 1191 3015 perimerent
1221 2931 1361 2996 festina-

413 3032 510 3107 bant,
541 3031 618 3112 ipse
645 3036 762 3094 tamen
791 3033 1019 3113 praemunitus
1050 3052 1128 3096 oum
1160 3029 1363 3096 difficultate

415 3131 540 3206 evasit,
555 3131 753 3213 relinquens
769 3129 925 3195 hostibus
942 3131 1055 3216 spolia
1069 3131 1190 3195 multa.
1226 3130 1362 3209 Quibus

415 3231 582 3308 collectis,
593 3231 669 3314 jam
684 3250 753 3293 non
769 3231 804 3292 in
821 3232 970 3309 occulto,
986 3238 1025 3295 ut
1041 3233 1151 3315 prius,
1169 3232 1229 3295 sed
1246 3232 1361 3314 palam

413 3337 669 3413 processerunt,
695 3330 939 3396 concludentes
964 3333 1000 3394 in
1026 3351 1085 3396 ore
1112 3331 1219 3414 gladii
1245 3351 1363 3396 omnes

414 3428 584 3510 Anglicos
607 3447 693 3512 quos
717 3429 811 3493 ultra
832 3450 925 3495 mare
941 3429 1067 3496 Scotiae
1082 3431 1238 3495 invenire
1259 3439 1363 3513 potu-

414 3535 528 3606 erunt,
544 3529 754 3592 divertentes
777 3547 815 3592 se
839 3535 961 3612 postea
984 3531 1028 3595 ad
1052 3530 1263 3595 obsidionem
1287 3549 1365 3594 cas-

414 3636 558 3693 trorum.
611 3627 756 3692 Interim
789 3628 872 3692 dum
910 3630 996 3695 talia
1033 3635 1237 3713 gererentur
1277 3628 1362 3694 Car-

450 3823 586 3875 ¹Wallace
593 3839 648 3875 was
656 3825 699 3874 the
707 3839 822 3887 younger
830 3839 876 3874 son
901 3827 1031 3876 constable
1042 3825 1071 3875 of
1086 3825 1129 3875 the
1147 3829 1205 3888 port
1220 3825 1271 3875 aud
1286 3825 1365 3874 castle

414 3897 444 3946 ol
456 3897 497 3947 Sir
514 3897 635 3946 Malcolm
653 3895 767 3944 Wullace
784 3896 813 3943 of
833 3895 877 3944 El·
901 3897 930 3946 of
950 3896 1071 3959 Duudee,
1093 3895 1152 3946 who
1178 3895 1230 3944 hed
1252 3895 1364 3944 iusulted

412 3967 508 4030 lerslie,
519 3981 580 4016 near
590 3966 706 4028 Paisley,
716 3966 743 4013 iu
754 3964 876 4014 thesbite
900 3967 962 4017 him.

413 4037 579 4088 oiRenirew.
616 4037 752 4085 Heseems
769 4040 795 4084 to
811 4035 876 4085 have
936 4066 976 4098 Η
1016 4083 1033 4116 n
1158 4069 1186 4117 t,
1210 4067 1258 4116 MS
1296 4067 1357 4118 cot,

412 4107 590 4169 manupae
606 4106 876 4169 rovingliteinlaea,
900 4139 949 4189 Tb
986 4084 1016 4118 ⁰⁰
1034 4083 1178 4132 vocavere,
1260 4103 1267 4118 ·
1358 4103 1365 4117 ·

412 4192 445 4227 on
456 4177 574 4227 occasion
584 4177 615 4225 oi
627 4177 722 4239 having
736 4176 818 4225 killed
832 4175 875 4224 the
923 4155 931 4188 ¹
952 4175 959 4189 ⁸

412 4261 458 4296 son
480 4247 509 4297 ot*
534 4247 620 4309 Selby,
642 4261 675 4296 au
698 4245 875 4309 Englishmum
935 4239 970 4270 ³⁴
977 4241 1147 4305 prosecutus‚’
1160 4241 1218 4291 MS.
1230 4240 1297 4291 Gott.
1306 4240 1364 4290 Tib.
