3126 4986
404 441 450 504 26
771 457 983 504 eunoureou

253 627 374 717 {affl
405 614 682 697 percipiendam
705 617 860 679 scribens
888 615 1062 697 episcopis
1091 615 1299 697 subscriptis
1320 617 1357 677 in

242 706 391 742 ”-’-’·
405 713 480 778 baec
494 716 602 778 verba
611 734 674 777 :-

465 813 672 876 “Nicolaus
698 813 896 894 episcopus,
924 833 1048 877 servus
1068 833 1248 878 serrorum
1275 815 1357 890 Dei,

404 911 1357 994 venerabilibussratribusWyntoniensietLincolniensi

403 1011 588 1093 episcopis,
603 1011 752 1074 salutem
768 1017 804 1074 et
820 1012 1049 1093 apostolicam
1068 1013 1353 1076 benedictionem.

404 1110 441 1173 N
443 1130 489 1174 on
511 1113 645 1192 absque
664 1109 800 1174 laetitiae
821 1111 942 1175 multae
956 1111 1114 1187 materia,
1132 1131 1203 1176 non
1224 1113 1356 1192 absque

403 1228 512 1272 causa
526 1209 670 1290 grandis
684 1208 911 1273 exultationis
924 1211 961 1272 in
972 1211 1137 1286 Domino,
1152 1212 1245 1274 intra
1259 1229 1354 1273 rnen—

403 1309 450 1370 tis
462 1315 597 1371 secreta
607 1308 817 1372 revolvimus
828 1317 864 1372 et
872 1309 952 1372 aliis
962 1309 1179 1392 publicamus
1191 1309 1284 1390 quod
1295 1309 1355 1372 ille

404 1406 487 1470 Rex
508 1408 545 1469 in
568 1407 669 1489 cujus
693 1426 799 1470 manu
820 1427 941 1488 regum
957 1409 1064 1472 corda
1075 1409 1280 1483 consistunt,
1295 1427 1353 1471 ca·

403 1505 532 1568 tissimi
551 1506 590 1567 in
605 1505 746 1570 Christo
766 1506 829 1569 filii
846 1508 968 1583 nostri,
988 1508 1151 1570 Edwardi
1171 1508 1265 1587 regis
1279 1505 1356 1570 An-

404 1602 486 1684 gliae
507 1605 668 1680 illustriS,
682 1605 831 1685 benigne
851 1625 912 1669 cor
932 1607 1061 1686 tetigit,
1077 1615 1113 1670 et
1134 1608 1186 1670 sic
1207 1606 1252 1668 ad
1272 1607 1354 1669 sub-

404 1703 611 1766 veniendum
631 1704 862 1785 personaliter
883 1706 1071 1768 innumeris
1092 1705 1355 1768 necessitatibus

404 1800 524 1865 Terrae
539 1801 679 1866 Sanctae
700 1803 811 1885 ipsius
833 1803 992 1867 accendit
1014 1804 1221 1880 ‘affectum’
1239 1801 1354 1884 ¹qnod

404 1900 559 1982 ejusdem
589 1911 692 1965 terrae
715 1901 892 1982 negotium
915 1903 952 1965 in
975 1904 1117 1985 propria
1146 1921 1295 1984 persona
1319 1910 1357 1966 et

402 2000 515 2080 regali
528 2001 684 2083 potentia
707 2000 996 2082 prosequendum,
1011 2009 1178 2083 tanquam
1194 2003 1355 2084 princeps

403 2099 597 2164 catholicus
626 2107 794 2180 tanquam
819 2101 981 2182 princeps
1010 2101 1268 2164 strenuissimus
1300 2119 1356 2164 as·

403 2200 564 2280 sumpsit,
591 2198 892 2274 transfretaturus,
919 2201 997 2262 Deo
1019 2201 1173 2282 auspice,
1199 2201 1236 2262 in
1263 2200 1354 2263 festo

255 2321 298 2350 une
333 2337 339 2348 -
405 2295 613 2358 Natiuitatis
639 2295 758 2359 Sancti
782 2296 952 2360 Johannis
973 2298 1144 2380 Baptistae
1170 2318 1262 2362 anno
1280 2299 1354 2362 Do·

404 2394 489 2456 mini
514 2411 707 2458 uccxcru.
723 2394 817 2477 quod
843 2403 916 2458 tam
934 2397 1123 2478 sibiquam
1143 2397 1221 2461 aliis
1236 2416 1355 2461 cruce·

404 2493 552 2572 signatis
585 2502 621 2556 et
654 2494 936 2574 crucesignandis
968 2495 1014 2558 ad
1044 2497 1205 2576 generale
1233 2515 1356 2578 passa-

404 2592 512 2670 gium,
539 2591 582 2653 de
605 2591 750 2656 fratrum
776 2600 972 2657 nostrorum
999 2595 1144 2658 consilio
1171 2595 1355 2659 terminum

404 2689 568 2752 duximus
582 2690 842 2772 praefigendum.
882 2693 930 2756 Et
949 2693 1031 2774 quia
1048 2694 1093 2756 ad
1109 2693 1355 2776 profectionem

405 2795 478 2852 tam
493 2789 638 2852 arduam
653 2791 790 2854 onerosi
805 2792 937 2872 negotii
950 2811 1020 2855 non
1038 2801 1091 2856 est
1107 2793 1249 2856 dubium
1271 2795 1355 2874 quin

403 2894 542 2969 oportet
570 2888 682 2952 multa
712 2891 841 2970 requiri
878 2897 915 2954 et
945 2909 1082 2972 magnae
1118 2893 1355 2956 subventionis

402 2986 569 3066 indigere,
592 2987 670 3050 ideo
685 2988 852 3052 dammam
873 2990 1026 3052 omnium
1042 2990 1354 3055 ecclesiasticorum

404 3086 611 3162 reddituum,
647 3095 891 3169 proventuum,
915 3095 952 3151 et
987 3090 1232 3153 obventionum
1270 3090 1355 3154 dicti

402 3186 501 3266 regni
523 3184 663 3266 Angiiae
682 3185 791 3269 juxta
807 3204 926 3249 veram
948 3206 1066 3250 eorum
1093 3189 1354 3252 aestimationem

402 3284 547 3365 praefato
570 3285 657 3365 regi,
681 3285 725 3347 de
750 3286 904 3366 ipsorum
927 3285 1075 3349 fratrum
1101 3288 1258 3363 consilio,
1274 3307 1356 3351 con-

402 3383 568 3444 cessimus
589 3401 651 3462 per
668 3399 732 3444 sex
755 3401 900 3446 annosa
914 3383 1004 3446 festo
1022 3384 1230 3449 Nativitatis
1246 3387 1354 3449 Sanc·
1416 3429 1419 3433 -

402 3481 430 3542 ti
453 3480 476 3543 J
479 3479 625 3542 ohannis
642 3480 812 3561 Baptistae
843 3489 1008 3545 venturos
1044 3486 1202 3566 proxime
1233 3487 1354 3548 subse·

402 3577 558 3659 quenti,’'
588 3585 654 3640 etc.
702 3577 813 3642 Facta
847 3580 914 3644 fuit
951 3582 1061 3662 igitur
1088 3585 1226 3647 taxatio
1264 3603 1355 3648 nova

402 3696 464 3757 per
486 3676 704 3766 supradictos
730 3678 913 3762 episcopos
930 3680 1131 3762 Wyntoniae
1157 3691 1192 3746 et
1215 3682 1353 3746 Lincol·

401 3776 467 3838 niae
505 3775 623 3839 eodem
667 3775 784 3853 arnno,2
825 3787 860 3842 et
894 3780 976 3843 licet
1013 3781 1142 3844 eisdem
1182 3781 1354 3864 episcopis

401 3893 463 3958 per
479 3893 606 3956 papam
634 3883 725 3939 esset
748 3877 940 3959 injunctum
961 3880 1054 3962 quod
1078 3881 1197 3943 eadem
1221 3881 1354 3944 decima

437 4033 627 4096 ¹‘aspectum'
643 4036 700 4084 MS.
713 4037 781 4087 Goll.
792 4038 864 4087 Arm.
890 4040 1007 4098 province
1031 4041 1060 4089 os
1079 4040 1238 4102 Canterbury
1260 4044 1286 4090 in
1311 4043 1354 4090 the

435 4105 445 4134 ²
461 4106 534 4166 Pope
551 4105 679 4154 Nicolas's
694 4107 803 4156 Taxatio
815 4107 865 4154 Ec·
890 4122 951 4168 year
962 4113 1036 4171 1291,
1047 4111 1098 4159 and
1114 4112 1154 4160 ior
1171 4112 1225 4161 that
1239 4113 1269 4160 oi
1282 4112 1353 4160 York

400 4173 544 4223 ciesiastioa
557 4188 609 4223 uas
621 4176 810 4237 completudior
821 4176 864 4225 the
890 4177 916 4222 in
929 4180 1002 4229 1292,
