3138 4988
412 443 479 511 bol
781 452 991 508 canonican

252 635 344 678 mm
358 635 403 677 ιιι.
415 617 539 682 nobilis
553 623 588 681 st
604 623 759 700 accepta.
811 616 858 680 Et
879 616 910 680 si
930 611 1111 680 tbrsi'tau
1100 635 1136 678 ιιι
1160 609 1400 696 supradicta

257 686 400 751 Q
416 718 474 782 via
491 724 684 780 mmmmm
701 717 889 780 amioornm
914 722 949 780 et
971 711 1123 780 fidelium
1142 713 1231 777 foret
1246 711 1367 793 requi-

253 770 317 960 ἒξ·
317 771 396 870 niel!
416 816 544 880 raudus
565 821 601 880 et
625 815 832 879 obtinendus
859 813 1157 891 assensuS,ci1-ca
1180 809 1277 874 illum
1299 811 1365 873 ob

359 914 595 980 ·tinandum
619 930 823 996 poneremus
846 932 982 978 omnem
1011 913 1225 994 diligentiam
1255 908 1364 990 quam

415 1030 608 1096 possemus,
622 1015 673 1077 ita
687 1012 778 1096 quod
796 1028 858 1094 per
872 1031 937 1076 nos
954 1025 1024 1074 non
1046 1012 1152 1076 stabit
1177 1010 1259 1092 quin
1276 1025 1363 1075 con·

416 1113 534 1177 cordia
548 1113 640 1178 bono
651 1111 713 1175 liet
729 1113 759 1174 si
776 1126 857 1192 pars
871 1111 982 1176 altera
993 1110 1077 1174 velit
1089 1107 1364 1174 condescendere

415 1211 569 1275 rationi·
617 1210 858 1293 supplicamns
884 1211 991 1291 igitur
1019 1218 1146 1273 vestrae
1170 1205 1363 1270 elementiae

413 1317 490 1374 toto
516 1309 630 1386 corde,
660 1309 825 1392 quatinus
847 1316 981 1372 vestras
998 1303 1172 1391 justitiam
1195 1313 1230 1370 et
1250 1306 1365 1368 inten-

415 1409 542 1471 tionem
561 1409 598 1469 in
613 1408 762 1472 veritate
776 1407 955 1483 fundatas,
966 1407 1094 1483 velitis,
1111 1406 1142 1468 si
1158 1405 1281 1487 placet,
1298 1403 1363 1464 de·

415 1503 487 1569 bite
501 1505 704 1587 ponderare,
722 1523 855 1587 nosque
869 1523 932 1569 vos
947 1512 982 1569 et
994 1512 1151 1568 sanctam
1165 1505 1361 1568 Romanam

414 1603 594 1668 ecclesiam
605 1605 641 1666 in
650 1604 944 1668 omuiderotiouis
956 1603 1182 1684 plenitudine,
1196 1609 1232 1664 et
1241 1601 1361 1664 solidae

414 1701 607 1766 dilectionis
621 1709 658 1765 et
674 1702 803 1767 leveris
818 1703 945 1782 gratia,
961 1702 1150 1766 incidenter
1163 1700 1361 1774 confovere,

415 1801 584 1876 danobis,
599 1801 689 1865 utde
703 1800 774 1864 lilio
786 1801 1020 1877 devotissimo,
1030 1801 1229 1865 sentientes.
1266 1797 1361 1861 Nam

417 1901 517 1963 testis
544 1906 600 1963 est
625 1901 723 1962 nobis
749 1900 1040 1963 conscientiarum
1073 1894 1242 1963 Dominus
1267 1896 1361 1978 quod
1430 1889 1433 1896 ⁴

416 1997 563 2062 honores
586 2006 622 2060 et
641 1998 818 2060 libertates
840 1997 1092 2062 ecclesiasticas
1108 1996 1276 2060 extollere
1299 2013 1360 2058 cu-

415 2098 528 2178 pimus
545 2103 580 2160 et
596 2098 698 2173 tueri,
721 2104 767 2172 et,
785 2095 815 2158 si
832 2097 928 2159 Deus
944 2097 1042 2161 nobis
1059 2113 1263 2178 prosperare
1277 2112 1360 2158 con-

415 2197 569 2269 cesserit,
600 2195 643 2258 ad
677 2196 787 2276 ipsias
816 2193 908 2258 bella
940 2204 1063 2260 contra
1092 2195 1249 2258 inimicos
1280 2193 1360 2256 iidei

414 2293 624 2376 peragenda,
639 2294 773 2357 devotis
793 2300 829 2356 et
854 2293 1041 2358 humilibus
1064 2294 1243 2358 affectibus
1264 2289 1359 2374 aspi-

413 2406 543 2455 ramus.
593 2391 821 2468 ‘Conservet,
837 2390 931 2456 etc.’¹

255 2505 361 2544 ruram
362 2510 387 2545 n
466 2490 612 2553 Factum
650 2497 703 2552 est
737 2491 997 2571 parliamentum
1038 2489 1103 2552 hoc
1138 2505 1228 2552 anno
1264 2489 1359 2570 apud

254 2555 353 2649 iiiii.
414 2585 791 2650 westmonasterium
781 2609 817 2652 ιιι
834 2588 1147 2670 Quadragesimas
1138 2609 1174 2652 ιιι
1195 2605 1265 2669 quo
1281 2603 1361 2650 cona

252 2654 393 2742 iiffla'h
415 2702 513 2748 cossa
528 2693 610 2748 sunt
625 2687 699 2766 regi
718 2703 845 2750 nonum
862 2688 983 2765 vellus,
1001 2701 1113 2750 nonus
1130 2701 1360 2768 agnuscere

253 2799 361 2839 Διιιιιιι
415 2786 536 2864 garba,
575 2804 638 2866 par
678 2785 862 2861 biennium,
905 2788 949 2849 ab
988 2786 1148 2848 omuibus
1191 2787 1251 2868 qui
1297 2801 1361 2866 per

238 2860 305 2938 'the
278 2899 366 2950 enus
415 2883 594 2947 baroniam
625 2890 782 2948 tenerent
814 2892 849 2948 et
875 2884 919 2947 ad
949 2883 1215 2966 parliamentum
1241 2884 1359 2946 venire

414 2987 637 3061 tenerentur,
672 2990 710 3048 at
740 2983 888 3065 praelati,
915 2982 1078 3063 religiosi,
1105 3001 1147 3046 ee
1169 2983 1288 3046 caeteri
1313 2982 1359 3044 de

413 3081 519 3159 clero,
549 3089 589 3146 ut
620 3082 853 3163 praemittitur,
885 3081 1059 3145 solventes
1089 3076 1258 3144 decimam
1286 3081 1361 3160 regi

413 3187 517 3244 antea
537 3197 747 3256 concessam,
762 3179 896 3244 solvere
915 3173 1057 3242 minime
1069 3186 1284 3243 arctarentur
1298 3178 1361 3240 illa

414 3279 511 3353 viee3
546 3281 687 3361 insuper
713 3279 764 3342 illi
792 3279 852 3360 qui
881 3279 925 3340 ad
955 3279 1218 3360 parliamentum
1241 3277 1360 3341 venire

412 3395 482 3438 uon
509 3385 772 3453 consueverunt,
798 3377 935 3459 praelati
955 3376 1101 3450 scilieet,
1126 3373 1290 3457 religiosi,
1314 3393 1361 3438 ac

410 3476 531 3536 caeteri
556 3475 598 3537 de
621 3475 727 3552 clero,
743 3475 855 3539 solum
874 3472 1028 3539 dammas
1051 3482 1157 3538 antea
1180 3475 1254 3556 regi
1276 3492 1362 3537 con·

411 3586 531 3634 cessas
560 3573 696 3636 solvere
738 3581 948 3638 tenerentur.
1010 3572 1081 3638 Pro
1131 3573 1197 3637 hac
1241 3579 1359 3636 autem

412 3669 634 3733 concessione
667 3672 798 3734 remisit
830 3673 988 3736 dominus
1009 3687 1072 3736 rex
1091 3677 1131 3734 et
1150 3671 1361 3735 condonavit

413 3767 530 3831 omnia
545 3768 672 3833 catalla
692 3769 845 3833 lelonum
867 3779 902 3834 et
926 3771 1163 3851 lugitivorum,
1180 3771 1360 3833 evasiones

411 3867 716 3944 incarceratorum,
744 3869 842 3946 linea,
870 3870 1001 3946 exitus,
1030 3868 1294 3944 satisfactiones,
1325 3875 1361 3930 et

411 3969 679 4032 amerciameuta
702 3968 933 4045 murdrorum,
962 3975 997 4031 et
1026 3969 1143 4030 omnia
1164 3967 1294 4030 delicta
1317 3966 1362 4028 de

447 4181 515 4236 ΙἸἾιε
524 4203 589 4249 copy
598 4189 697 4248 printed
707 4191 733 4237 in
741 4190 835 4250 Rymor
843 4191 920 4240 reads
927 4191 938 4218 ⁴
945 4189 1042 4240 oman
1054 4191 1125 4253 apud
1133 4189 1295 4252 Gandavum,
1302 4191 1363 4239 etc.'
