3144 4990
441 489 611 539 warnerii
635 489 682 537 on
705 490 988 538 unulnennnon.
1125 473 1192 538 879

241 643 392 725 scriptis.
445 641 549 721 Item,
579 645 663 727 quia
697 644 861 726 temporis
893 643 1027 710 malitia
1056 642 1190 710 clericis
1204 663 1354 754 ¹³,‘¹'„⁸“,³,}{¹·

241 742 350 806 laicos
379 741 492 808 reddit
516 743 673 820 infestos,
699 744 785 808 adeo
809 743 901 825 quod
927 743 1022 825 ipsos
1048 743 1192 825 capiunt
1203 741 1309 838 ὦ,
1318 740 1343 835 ⁰}

243 848 278 903 et
295 841 448 905 detinent
462 842 601 917 invitos
617 850 678 906 aut
695 863 764 924 quo
781 843 954 906 voluerint
972 843 1067 906 abire
1084 841 1190 906 libere
1202 846 1354 937 gggffmffl·

243 960 312 1004 non
329 941 553 1022 permittunt3
579 961 642 1005 nos
665 959 783 1006 omnes
807 948 843 1006 et
863 941 1021 1024 singulos
1043 940 1189 1030 clericos
1202 945 1338 1036 35¹5ssng

244 1046 280 1102 et
308 1039 416 1103 laicos
448 1048 577 1104 nostrae
605 1039 866 1108 Cantuariensis
890 1040 1078 1124 provinciae
1107 1041 1188 1103 sub‘·
1202 1046 1343 1136 iiiam

243 1137 348 1215 ditos,
371 1138 430 1220 qui
458 1139 607 1203 scientes
635 1157 711 1202 esse
737 1129 891 1213 clericos,
919 1146 954 1202 et
982 1139 1120 1220 publice
1148 1157 1190 1203 ac
1202 1145 1298 1187 ennae.

245 1237 380 1302 notorie
395 1256 458 1319 pro
473 1236 606 1302 clericis
623 1236 759 1303 habitos
773 1243 809 1301 et
824 1245 1016 1318 reputatos,
1032 1244 1067 1304 et
1084 1237 1189 1302 etiarn

244 1355 282 1400 se
302 1343 466 1417 ‘gerentes
490 1335 533 1399 de
558 1336 699 1402 crimine
721 1355 789 1400 non
816 1335 1004 1412 confessos,
1024 1355 1091 1401 non
1110 1355 1192 1402 con·

138 1459 142 1466 ·
245 1436 370 1511 victos,
406 1453 469 1501 nec
506 1435 611 1504 etiam
640 1435 837 1511 indictatos,
867 1435 902 1502 iu
939 1435 1099 1500 custodia
1134 1435 1191 1500 vel

246 1552 384 1598 carcere
401 1540 534 1615 ponunt
551 1541 586 1602 et
600 1534 757 1598 detinent
773 1551 862 1599 ausu
877 1533 1048 1615 sacrilego
1063 1532 1192 1599 invitos

245 1633 426 1698 temerarie
440 1633 476 1696 in
499 1651 582 1697 casu
606 1653 628 1698 a
646 1633 727 1716 jure
743 1632 799 1698 vel
824 1632 1071 1698 consuetudine
1094 1633 1193 1714 regni

245 1729 387 1812 Angliae
421 1750 490 1796 nou
524 1732 703 1813 permisso,
732 1731 770 1796 in
797 1731 880 1798 cleri
905 1730 1125 1813 opprobrium
1158 1737 1194 1795 et

245 1830 407 1913 injuriam
424 1829 654 1909 manifestam,
666 1829 808 1913 majoris
826 1829 1194 1896 excommunicationis

246 1929 418 1995 sententia
450 1910 481 1993 α’
504 1948 636 1995 canone
667 1928 741 1996 lata
773 1927 811 1993 in
835 1927 901 1992 hac
931 1936 1030 2011 parte
1061 1929 1194 1994 denun-

246 2029 377 2094 ciamus
402 2027 539 2109 publioe
566 2035 602 2092 et
627 2028 827 2094 solemniter
855 2028 1043 2094 involutos.
1091 2027 1194 2104 Item,

247 2147 365 2194 omnes
401 2135 437 2192 et
475 2127 604 2208 singuli
634 2127 694 2209 qui
732 2127 768 2192 in
800 2133 920 2195 nostra
949 2126 1194 2193 Canthariensi

247 2227 428 2310 provincia
455 2227 561 2292 alicui
589 2226 645 2292 vel
671 2226 846 2309 aliquibus
875 2227 1005 2292 crimen
1030 2225 1121 2291 falso
1147 2245 1193 2290 ex

247 2327 318 2390 odii
358 2325 477 2392 fomite
525 2325 696 2392 malitiose
739 2325 933 2406 imponunt,
973 2342 1052 2402 cum
1089 2344 1194 2406 super

246 2426 390 2490 crimine
405 2426 455 2490 sic
470 2424 631 2506 imposito
647 2424 738 2506 apud
761 2425 871 2492 bonos
895 2431 930 2490 et
949 2443 1074 2505 graves
1095 2424 1192 2505 prius

247 2545 317 2592 non
327 2525 465 2613 fuerant
475 2524 645 2600 infamati,
658 2523 759 2607 cujus
772 2523 999 2606 impositionis
1011 2522 1191 2588 occasione

246 2623 473 2707 quovismodo
513 2631 702 2704 graventur
732 2622 875 2706 majoris
912 2621 1192 2688 excommunica·

247 2725 351 2788 tionis
382 2723 556 2788 sententia
583 2723 619 2788 iu
650 2721 808 2788 Concilio
841 2719 1034 2788 Oxoniensi
1068 2728 1193 2786 contra

247 2823 476 2890 defamatores
503 2821 700 2904 hujusmodi
729 2841 751 2886 a
775 2821 905 2888 sanctis
939 2821 1095 2903 patribus
1126 2821 1192 2885 rite

247 2923 322 2989 lata
355 2921 426 2986 sint
454 2927 489 2984 et
518 2919 646 2985 tuerint
679 2919 848 2996 innodati,
881 2938 922 2986 ac
953 2918 1191 3001 delinquentes

248 3022 397 3086 scienter
415 3021 453 3084 in
475 3018 753 3100 archiepiscopos
780 3025 843 3082 aut
866 3017 1059 3100 episcopos,
1074 3026 1191 3098 patres

247 3119 458 3203 spirituales,
481 3117 612 3182 Christi
639 3117 787 3198 legatos,
818 3117 972 3181 acclesiae
1000 3116 1192 3194 columnas,

248 3239 294 3286 ex
310 3219 480 3300 dignitate
495 3216 702 3282 offensorum
728 3215 865 3298 culpam
884 3215 1079 3297 gravionem
1100 3234 1194 3281 com-

247 3321 401 3393 mittant,
433 3316 519 3384 adeo
547 3315 641 3400 quod
677 3316 714 3384 in
746 3316 843 3397 ipsos
873 3313 1058 3380 acerbioris
1090 3313 1193 3379 dehet

248 3417 496 3499 indignationis
511 3416 541 3478 si
556 3415 682 3498 poterit
703 3414 845 3480 aculeus
867 3414 992 3482 merito
1013 3413 1191 3490 desaevire,

248 3518 458 3584 auctoritate
474 3534 544 3598 qua
558 3515 733 3596 fungimur
755 3532 873 3580 omues
892 3519 928 3579 et
953 3513 1108 3594 singulos
1132 3513 1193 3594 qui

247 3617 284 3684 in
308 3623 428 3682 nostra
452 3614 631 3697 provincia
659 3612 900 3682 cantuariensi
923 3611 1193 3694 archiepiscopo,

247 3717 304 3782 vel
321 3717 494 3800 episcopo,
506 3713 562 3778 vel
573 3713 632 3777 alii
643 3714 836 3796 cuicunque
845 3713 973 3777 crimen
986 3711 1195 3794 proditionis

251 3835 312 3879 seu
324 3814 418 3879 alind
435 3813 676 3896 quodcunque,
689 3812 791 3888 falso,
804 3813 962 3895 nequiter
974 3816 1009 3874 et
1024 3810 1195 3873 malitiose

248 3915 417 3978 hactenus
440 3913 618 3994 imponere
642 3917 769 3976 temere
793 3930 834 3974 ac
851 3910 988 3994 publice
1003 3925 1195 3992 praesump-

249 4015 358 4082 serint
384 4013 440 4077 vel
467 4011 681 4078 infuturum
711 4011 889 4092 imponent
918 4015 1040 4074 contra
1064 4007 1196 4072 consti-

248 4114 417 4180 tutionem
441 4110 654 4193 praedictam,
677 4109 771 4173 dicta
794 4108 935 4194 majoris
958 4105 1195 4170 excommuni-

247 4212 396 4277 cationis
426 4209 601 4276 sententia
628 4210 663 4272 in
690 4209 837 4292 praefato
865 4206 1012 4274 concilio
1053 4204 1196 4288 proinde
