3166 4992
424 456 666 504 wnnrnruns
690 457 972 506 usnrucsuncn.
1103 445 1165 509 171

219 618 444 688 armatorum,
465 620 505 676 ut
521 612 658 689 dicitur,
680 613 865 696 plusquam
881 621 1033 695 quatuor
1057 616 1167 681 millia
1192 635 1283 676 revue
1299 634 1317 674 1.

220 720 255 776 et
283 712 384 776 multi
413 711 609 792 pedestres:
637 719 672 775 et
701 713 849 793 ingressi
878 721 961 778 sunt
990 714 1165 780 civitatem
1179 686 1330 809 osma

220 811 263 874 de
293 811 425 885 Geunt,
450 811 597 892 sparsim
628 811 767 892 quidem
798 819 834 877 et
861 813 965 894 pauci
990 814 1094 877 simul
1124 819 1291 880 nefflflhesst·

221 909 368 993 alicujus
386 909 469 973 meli
491 909 641 992 suspicio
662 917 784 974 contre
808 930 927 975 eorum
951 915 1167 996 propositum

221 1011 380 1085 oriretur,
398 1015 434 1074 et
456 1007 623 1091 hospitati
645 1009 783 1073 suntin
806 1011 943 1074 solariis
961 1012 1108 1075 excelsis
1133 1021 1169 1077 et

222 1109 378 1174 cavernis
394 1107 558 1190 plurimis.
610 1108 677 1172 Die
687 1127 769 1171 vero
783 1111 955 1186 condicto,
968 1111 1005 1174 in
1017 1113 1168 1176 crastino
1181 1129 1280 1179 Mandu.

146 1290 149 1295 Ι
223 1209 355 1272 scilicet
379 1206 637 1271 Purificetionis
662 1208 774 1271 beetee
803 1208 972 1290 Virginis,
997 1229 1068 1274 una
1089 1181 1260 1275 mmm

223 1307 360 1371 duobus
376 1305 456 1370 filiis
471 1304 581 1387 ipsius
595 1307 741 1380 comitis,
753 1306 930 1382 Willelmo
948 1316 982 1373 et
1001 1308 1169 1386 Roberto,

223 1405 351 1471 clausis
368 1405 478 1488 portis
500 1404 663 1480 civitatis,
678 1424 811 1468 summo
828 1425 931 1472 mane
948 1417 1170 1474 armaverunt

116 1569 123 1584 ,
224 1523 261 1568 se
297 1513 333 1568 et
368 1509 605 1570 convenerunt
635 1503 765 1585 pariter
797 1524 926 1570 omnes,
979 1506 1026 1569 Et
1060 1507 1170 1588 primo

224 1603 362 1686 quidem
390 1602 538 1684 Anglos,
564 1621 651 1684 quos
675 1603 710 1666 in
735 1603 807 1666 suis
830 1603 989 1686 hospitiis
1016 1605 1171 1671 invenire

226 1708 398 1784 poterent,
435 1710 675 1784 peremerunt;
712 1702 834 1765 deiude
871 1703 1097 1784 procedentes
1137 1706 1172 1768 in

225 1801 412 1884 publicum,
444 1806 484 1865 ut
517 1820 635 1864 omnes
666 1800 743 1882 pari
773 1801 969 1865 conditione
1004 1801 1172 1880 delerent,

227 1900 402 1964 refraenati
451 1906 547 1976 sunt,
589 1919 631 1962 eo
676 1899 768 1980 quod
814 1900 911 1963 Deus
954 1901 1172 1983 omnipotens

227 1999 406 2081 impedivit
441 2018 515 2075 eos,
545 1999 605 2080 qui
635 1997 837 2062 innocentes
870 1999 994 2062 liberet
1026 2006 1060 2064 et
1090 2019 1172 2064 suos

227 2099 354 2180 ubique
371 2097 496 2162 salvet.
547 2094 715 2161 Ascendit
737 2097 828 2160 enim
846 2097 975 2161 clamor
989 2097 1056 2162 iste
1073 2099 1172 2162 terri-

228 2196 306 2260 bilis
330 2213 442 2278 usque
466 2195 511 2260 ed
535 2214 636 2258 aures
662 2196 838 2278 principis,
859 2203 893 2260 et
914 2195 1022 2279 jussit
1047 2199 1174 2262 armari

140 2319 142 2323 ·
229 2315 310 2360 suos
329 2294 469 2378 ‘quin'¹
489 2301 524 2358 et
541 2295 616 2375 ipse
633 2294 814 2358 confestim
829 2301 985 2359 armatus
1004 2297 1174 2377 processit

229 2395 264 2456 in
276 2395 464 2476 publicum,
476 2400 512 2458 et
523 2402 768 2457 concurrentes
781 2395 1082 2458 circumsteterunt
1093 2415 1171 2458 eum

229 2493 283 2556 sui
305 2493 470 2558 universi.
522 2491 667 2556 Interim
689 2493 865 2574 pedestres
889 2493 1000 2556 nostri
1020 2501 1055 2556 et
1073 2495 1335 2574 quasirnsngnn

230 2593 332 2655 robur
347 2593 531 2667 exercitus,
547 2592 606 2673 qui
623 2599 723 2655 erent
744 2593 780 2654 in
796 2592 959 2656 suburbio
976 2598 1077 2654 extra
1093 2613 1174 2674 por·
1186 2573 1326 2662 ξῗξξὲῗῗὲῗ

228 2699 283 2754 tes
307 2691 472 2768 civitatis,
499 2690 681 2754 audientes
703 2690 871 2774 populum
894 2690 1175 2768 tumultuantem,
1187 2673 1238 2722 ⁰¹15·

230 2789 393 2854 dixerunt
422 2791 512 2854 inter
536 2808 585 2864 se,
618 2787 821 2852 “Seductus
851 2795 904 2853 est
929 2809 993 2852 rex
1025 2798 1060 2854 et
1079 2791 1176 2855 occi·

227 2889 358 2953 duntur
378 2889 507 2952 domini
526 2887 646 2963 nostri,
665 2894 699 2951 et
725 2886 808 2968 qnid
833 2887 928 2951 aliud
949 2906 1025 2952 esse
1047 2889 1176 2969 poterit

228 3006 306 3050 cum
335 2987 489 3050 ululatus
518 2991 699 3048 excrescet
730 2992 766 3048 et
795 2985 924 3048 clauses
955 2992 1036 3049 sunt
1064 2993 1175 3066 portes

228 3085 404 3150 civitatis?
467 3084 597 3148 Eamus
632 3102 728 3164 ergo,
769 3089 805 3145 et
835 3084 866 3145 si
899 3102 1039 3148 necesse
1073 3084 1176 3150 fuerit

228 3203 307 3247 cum
328 3185 377 3248 eis
395 3184 595 3260 moriamur,
616 3181 791 3264 quoniam,
813 3179 897 3262 ipsis
919 3181 1096 3260 extinctis
1113 3183 1176 3245 im·

229 3283 393 3366 possibile
424 3282 524 3347 nobis
556 3282 622 3345 erit
651 3288 692 3344 ut
720 3279 928 3344 salvemur.''
981 3279 1176 3363 Statimque

228 3383 335 3447 allato
350 3383 443 3463 igne,
454 3381 564 3464 paleis
575 3387 610 3446 et
625 3379 741 3460 lignis,
751 3380 867 3443 butiro
877 3388 913 3444 et
925 3379 1038 3462 adipe,
1045 3389 1081 3444 et
1092 3387 1177 3446 ‘cae·

229 3482 312 3549 ‚teris
324 3482 518 3564 quibusque
528 3473 558 3510 '²
572 3479 829 3556 cremabilibus,
846 3479 992 3560 quasiin
1002 3487 1177 3545 momento

229 3582 492 3646 combusserunt
522 3588 642 3661 portes
674 3578 827 3642 civitatis
857 3598 901 3642 ex
933 3579 1028 3643 omni
1055 3586 1175 3660 parte3

229 3687 264 3743 et
281 3679 427 3760 ingressi
442 3685 605 3761 potenter
622 3677 858 3752 incenderunt,
874 3677 1122 3760 spoliaverunt,
1141 3687 1178 3744 et

229 3785 448 3859 peremerunt
466 3777 546 3842 hinc
567 3784 604 3842 et
626 3777 716 3853 inde,
738 3796 801 3841 nec
823 3777 1000 3858 perierunt
1021 3797 1068 3840 ex
1092 3778 1177 3859 ipsis

229 3876 298 3940 nisi
317 3895 382 3940 sex
399 3893 567 3958 personne,
589 3882 625 3941 et
646 3875 694 3938 hii
715 3881 920 3938 corruerunt
935 3874 978 3940 ed
1000 3875 1178 3942 introitum

247 4120 272 4154 1¹
290 4121 403 4171 Omitted
420 4121 447 4168 in
458 4119 693 4170 dissentires.
751 4116 967 4183 i‘caeterisquess
1014 4120 1071 4170 MS.
1114 4119 1182 4170 con.

227 4194 277 4246 und
289 4192 357 4250 (3οῆ.
366 4191 446 4268 Vesp.
577 4260 579 4264 ι
717 4189 796 4264 Vesp.
