3144 4990
416 476 588 524 wanrnru
611 475 658 523 nn
681 471 965 524 nnnrncruncn.
1098 459 1164 524 377

215 631 372 697 dederint
398 627 591 710 consilium,
618 633 799 709 auxilium,
816 633 872 699 vel
900 624 1066 708 favorem,
1090 627 1164 695 lna-
1149 643 1269 740 nawen
1272 647 1327 736 321

211 731 301 816 joris
335 732 702 796 excommunicationis
742 732 926 809 sententia,
961 732 1051 795 sicut
1083 738 1165 794 sunt

1177 783 1282 821 sentence
1290 781 1314 819 ol

217 850 239 894 a
254 832 384 896 sanctis
406 839 467 914 pat
453 832 563 896 tribus
585 825 768 895 innodatos
791 838 827 894 ct
848 831 1164 896 excommunicatos
1155 829 1326 871 “mmmm-

1177 881 1248 921 08111011

216 929 324 994 fuisse
341 937 377 994 et
392 949 467 994 esse
483 930 743 1007 denunciamus
755 937 792 993 et
806 949 829 993 a
845 929 1018 994 liminibus
1036 936 1204 993 sanctas
1178 931 1261 978 11111
1269 930 1307 968 111

1178 981 1279 1020 violatore
1288 979 1313 1018 of

217 1030 340 1093 matris
368 1029 521 1094 ecclesiae
551 1021 821 1111 sequestiamus,
854 1029 1061 1094 auctoritate
1097 1029 1165 1092 Dei
1178 1029 1315 1119 gssttffi’t‘iffi

219 1127 336 1192 Patris
347 1128 605 1210 omnipotentis,
614 1129 725 1191 beatae
743 1127 867 1192 Mariae
884 1129 1027 1210 virginis
1045 1128 1166 1191 matris
1178 1129 1271 1170 011111

218 1245 303 1304 suae,
335 1227 428 1291 beati
460 1227 605 1290 Thomee
636 1227 799 1308 martyris
830 1226 985 1308 gloriosi,
1019 1227 1167 1294 Sancto-

177 1404 184 1420 .
218 1345 364 1408 rumque
398 1326 563 1402 bmnium,
587 1325 723 1407 publice
750 1333 785 1389 et
814 1325 1012 1389 solemniter
1036 1326 1073 1388 in
1101 1324 1167 1388 hiis

219 1424 368 1507 scriptis.
421 1425 511 1488 Item
541 1433 619 1487 cum
644 1424 680 1486 in
710 1423 846 1504 Magna
873 1423 980 1488 Carta
1009 1423 1167 1499 Raurici,

220 1523 395 1605 quondam
419 1523 511 1605 regis
526 1521 675 1604 Angliee,
691 1523 737 1586 sit
767 1525 968 1586 eonceseum
997 1541 1039 1586 ac
1062 1523 1167 1586 etiam

220 1623 427 1699 ordinatum,
443 1621 535 1704 quod
551 1617 667 1684 nullus
686 1621 774 1685 liber
795 1620 898 1686 homo
917 1623 1015 1703 regni
1028 1619 1168 1703 Angliae

220 1722 390 1803 capiatur,
419 1722 475 1785 vel
505 1720 760 1802 imprisonetur,
792 1728 854 1784 aut
882 1719 1098 1785 disseisiatur
1125 1719 1168 1784 de

220 1819 327 1884 libero
349 1826 546 1883 tenemento
561 1838 636 1895 suo,
655 1818 710 1882 vel
731 1792 949 1883 libertatibus
968 1826 1031 1882 aut
1052 1818 1169 1883 liberis

221 1919 525 1982 consuetudinibus
541 1919 625 1993 suis,
641 1935 702 1980 seu
718 1917 951 1998 outhlagetur,
966 1917 1022 1981 vel
1036 1918 1168 1994 seruiet,

221 2025 283 2082 aut
297 2018 413 2100 aliquo
431 2019 500 2082 alio
517 2017 618 2081 modo
644 2016 863 2091 destruatur;
888 2015 1049 2099 quodque
1065 2023 1169 2098 super

220 2117 366 2181 liberum
393 2118 564 2181 hominem
589 2115 784 2199 hujusmodi
821 2135 884 2179 rex
917 2133 985 2180 non
1018 2116 1082 2179 ibit
1113 2116 1169 2179 vel

222 2217 348 2293 mittet,
364 2217 431 2280 nisi
453 2234 514 2299 per
536 2214 648 2297 legale
666 2214 835 2298 judicium
858 2215 992 2296 parium
1015 2232 1168 2292 suorum,

222 2316 278 2379 rel
312 2335 374 2398 per
401 2315 512 2397 legem
538 2321 639 2379 terrae
667 2313 894 2395 Anglicanee3
928 2321 963 2378 et
985 2313 1077 2397 quod
1107 2333 1169 2376 rex

222 2414 309 2477 nulli
345 2412 496 2496 negabit,
537 2413 624 2477 nulli
657 2412 784 2477 vendet
819 2413 874 2476 vel
909 2412 1060 2477 differret
1093 2432 1168 2478 rec·

224 2522 298 2578 tum
326 2514 380 2577 vel
401 2513 597 2597 justitiam3
633 2512 793 2595 quodque
823 2512 947 2576 civitas
980 2511 1169 2576 Londoniee

224 2613 350 2680 habeat
374 2631 492 2676 omnes
521 2612 683 2694 antiquas
714 2605 949 2676 ‘libertates'¹
979 2618 1013 2675 et
1043 2612 1169 2675 liberas

223 2712 489 2776 consuetudines
507 2731 611 2790 suas3
639 2711 784 2792 aliaeque
802 2709 976 2774 nonnullae
992 2710 1170 2774 libertates

224 2820 260 2875 et
293 2813 412 2875 liberae
442 2810 709 2874 consuetudines
736 2809 773 2874 in
799 2809 892 2872 dicta
923 2807 1028 2872 Carta
1062 2819 1170 2890 regno

223 2909 374 2991 Angliee,
386 2907 430 2972 ad
439 2908 508 2972 Dei
520 2909 655 2972 laudem
668 2915 703 2971 et
713 2908 871 2988 gloriam,
884 2906 1037 2970 eeclesiae
1051 2906 1171 2972 catho-

223 3009 298 3072 licee
318 3027 449 3090 pacem,
470 3015 505 3071 et
527 3007 625 3089 regni
643 3007 792 3089 quietern
818 3006 962 3088 provide
984 3016 1065 3070 sunt
1093 3025 1171 3069 con-

223 3126 343 3184 cessae,
356 3114 392 3170 et
403 3108 446 3171 ab
459 3105 725 3188 archiepiscopis
741 3113 777 3168 et
787 3104 957 3186 episcopis
966 3105 1049 3168 dicti
1061 3105 1171 3185 regni,

223 3205 523 3283 exeommunicati,
546 3204 843 3280 anathematizati,
881 3210 917 3266 et
947 3223 969 3267 a
997 3202 1171 3266 liminibus

224 3313 356 3370 sanctae
382 3306 503 3368 matris
532 3303 685 3368 ecclesiae
712 3303 851 3367 suerunt
881 3304 1088 3384 sequestrati
1113 3303 1173 3384 qui

224 3413 305 3488 post
314 3405 567 3470 concessionem
579 3399 680 3467 dictae
691 3401 806 3466 Gartae
815 3402 993 3466 libertates
1004 3402 1173 3466 etliberas'

226 3504 493 3569 consuetudines
517 3503 552 3566 in
580 3504 657 3585 ipsa
687 3509 723 3566 et
751 3493 787 3564 in
815 3500 923 3565 Carta
953 3500 996 3564 de
1026 3494 1175 3566 Fores'ta

225 3611 404 3669 contentas
446 3610 481 3667 et
532 3620 714 3667 concessas
760 3601 914 3665 ecclesiae
955 3601 1173 3683 Anglicanae,

224 3721 430 3786 quacunque
465 3711 540 3766 arte
572 3701 627 3764 vel
652 3699 789 3782 ingenio
820 3699 1026 3765 violaverint
1055 3706 1091 3763 et
1119 3700 1172 3762 in-¹

225 3803 404 3884 fregerint,
420 3800 650 3876 diminuerint,
668 3819 730 3863 seu
747 3799 991 3874 imminuerint,
1010 3799 1100 3864 clam
1118 3797 1180 3860 vel*

224 3902 353 3984 palam,
384 3901 488 3977 sacto,
519 3900 636 3972 verbo,
668 3898 724 3962 vel
750 3898 907 3974 consilio,
940 3904 1061 3960 contra
1095 3895 1174 3958 illas

227 4001 283 4066 vel
298 4001 435 4064 illarum
450 3999 601 4081 aliquam
617 3997 653 4059 in
667 4014 872 4079 quocunque
886 3995 1032 4059 articulo
1047 4000 1175 4057 temere

487 4213 496 4254 ¹
514 4223 637 4285 Supplied
648 4223 712 4270 from
725 4221 908 4282 Walsingbarn.
