3166 4992
418 491 586 540 wunrnrl
610 491 657 537 nr
681 492 963 541 unuruonunou.
1096 477 1161 542 183

209 647 468 712 confirmatione
490 647 632 728 Magnae
655 647 784 726 Cariae,
805 667 908 731 quam
933 649 1100 712 innovare
1124 657 1160 714 et
1184 665 1279 757 {¹³5⁸ss
1280 661 1306 756 919

211 747 375 828 perficere
392 746 591 810 multotiens
608 767 669 810 rex
687 747 762 829 ipse
777 748 992 829 promiserat.
1037 748 1158 814 Distu·
1206 743 1245 756 ”
1307 742 1313 755 ’

211 845 320 929 litque
336 846 545 928 respondere
559 866 621 910 rex
637 847 673 910 in
689 847 761 910 dics
775 847 954 929 plurimos,
969 855 1006 910 ct
1020 849 1158 912 varian-

211 946 261 1008 tia
277 946 384 1010 verba
401 946 639 1027 componebat.
690 945 846 1008 Tandem
863 965 946 1010 vero
961 964 1038 1010 cum
1056 965 1158 1028 urge·

211 1051 307 1108 retur
335 1063 356 1107 a
388 1045 518 1118 multis,
547 1045 636 1109 dixit
665 1063 703 1107 se
731 1045 938 1126 respondere
972 1046 1095 1110 debere
1122 1047 1158 1110 in

211 1143 411 1209 crastinum.
476 1143 523 1206 Et
560 1143 653 1208 lacto
689 1162 790 1208 mane
824 1145 967 1208 recessit
997 1145 1042 1208 ab
1074 1146 1159 1209 urbe

210 1243 367 1306 latenter.
422 1240 525 1320 Quod
545 1261 624 1305 cum
649 1241 827 1306 audissent
847 1244 990 1307 comites
1011 1244 1160 1309 insecuti

211 1348 294 1405 sunt
319 1361 397 1406 eum
423 1341 457 1406 in
484 1340 703 1404 multitudine
729 1361 868 1422 magna,
893 1350 1078 1406 causantes
1105 1362 1158 1405 re·

211 1459 346 1504 cessum
378 1447 412 1505 et
446 1450 550 1504 certae
581 1441 794 1522 praefixionis
826 1442 927 1523 quasi
956 1449 1158 1505 enervatum

212 1559 425 1622 responsum.
496 1537 630 1618 Quibus
673 1558 749 1616 rex,
788 1544 810 1573 “
826 1539 941 1616 Certe,
979 1540 1159 1618 carissimi,

212 1658 272 1703 aer
296 1638 449 1705 civitatis
473 1645 657 1720 corruptus
680 1639 798 1702 nocuit
814 1639 924 1716 nobis,
946 1646 981 1703 et
1003 1638 1158 1704 ideo're·

213 1739 391 1815 cessimus
416 1745 456 1801 ut
480 1757 559 1802 aere
584 1744 720 1802 mutato
742 1737 865 1802 saltem
889 1739 925 1801 in
949 1739 1084 1802 modico
1105 1758 1159 1803 re·

212 1856 389 1911 creemur;
429 1837 490 1902 sed
523 1836 632 1900 redite
664 1836 708 1899 ad
727 1837 876 1912 urbem,
911 1843 946 1901 et
982 1838 1159 1919 accipietis

212 1935 767 2018 responsumaconsilionostro.’'
807 1935 964 2014 Quicum
980 1937 1158 2012 abiissent,

213 2036 394 2100 audieruut
407 2054 608 2117 responsum
620 2053 700 2100 mon
722 2036 933 2116 acceptabile
947 2036 1081 2116 quidem
1097 2036 1159 2099 sed

213 2134 400 2208 variabile;
442 2134 607 2198 articulos
643 2133 735 2197 enim
767 2153 855 2215 quos
891 2135 959 2216 ipsi
989 2135 1160 2215 petierant

213 2235 263 2300 sic
285 2233 548 2298 confirmaverat
565 2251 629 2299 rex
645 2238 684 2295 ut
699 2232 735 2297 in
750 2232 817 2296 fine
834 2232 1013 2316 adjiceret,
1028 2239 1049 2268 “
1060 2234 1160 2298 salvo

210 2332 290 2416 jure
308 2352 446 2397 coronae
459 2331 620 2398 nostrae.''
674 2329 777 2408 Quod
793 2332 948 2396 auditum
973 2332 1159 2414 displicuit,

214 2439 249 2506 et
271 2439 485 2496 recesserunt
510 2431 554 2494 ad
577 2430 717 2513 propria
733 2431 910 2512 impacati.
962 2419 1158 2495 consiliarii

214 2539 330 2596 autem
353 2531 458 2612 regis,
483 2530 643 2594 timentes
670 2529 873 2596 seditionem
898 2530 1030 2613 populi,
1053 2530 1185 2614 tradi-V

213 2630 336 2694 derunt
358 2637 524 2711 utrasque
538 2637 654 2694 cartas
676 2629 725 2693 sic
744 2631 965 2711 consignatas
980 2631 1160 2694 vicecomi-

214 2731 306 2794 tibus
329 2728 640 2804 Londoniensibus,
662 2735 701 2792 ut
724 2728 760 2792 in
780 2729 917 2811 publico
942 2728 1158 2810 legerentur:

215 2830 414 2910 factumque
443 2835 498 2892 est
529 2828 578 2892 sic
609 2828 646 2889 in
675 2829 872 2892 coemeterio
905 2828 1025 2892 Sancti
1056 2827 1161 2891 Pauli

215 2935 426 3009 congregato
450 2926 580 3008 populo
607 2926 789 3004 univers03
824 2926 975 3008 dumque
1004 2926 1162 2989 videren-

216 3035 274 3092 tur
287 3025 453 3106 imprimis
468 3023 585 3088 Gartae
604 3025 654 3087 sic
671 3025 897 3104 consignatae,
912 3025 1163 3088 benedixerunt

217 3124 404 3190 Dominum
434 3130 470 3187 et
498 3142 627 3204 regem,
657 3122 718 3185 sed
748 3123 864 3186 audito
894 3122 961 3186 fine
993 3123 1162 3205 captioso,

217 3223 398 3288 confestim
424 3217 1079 3304 improperantesmaledictionempro
1105 3222 1162 3284 be-

217 3323 410 3388 nedictione
441 3321 643 3386 intulerunt.
695 3320 979 3402 Dissolutumque
1005 3328 1058 3385 est
1079 3339 1162 3383 cou-

217 3422 345 3497 silium,
369 3428 404 3485 et
425 3420 568 3484 comites
593 3419 704 3484 nostri
730 3428 769 3484 ut
794 3421 1014 3485 convenirent
1037 3422 1163 3483 iterato

216 3521 253 3584 in
284 3521 490 3602 quindenam
532 3517 679 3582 Paschae
716 3525 797 3582 ante
833 3538 950 3583 eorum
989 3538 1162 3582 recessum

215 3619 305 3684 diem
321 3625 532 3702 receperunt.
584 3617 627 3682 In
642 3637 711 3699 quo
727 3619 864 3700 quidem
882 3619 1054 3701 colloquio
1071 3618 1162 3682 Lou-
1173 3647 1323 3687 resonate·

215 3718 327 3782 doniis
356 3718 542 3794 celebrato,
569 3737 633 3781 rex
661 3719 763 3798 quasi
793 3719 909 3782 omnia
939 3719 1049 3799 petita
1080 3707 1299 3787 con-lm·

217 3817 333 3893 cessit,
347 3823 383 3880 ct
398 3817 489 3880 votis
506 3835 625 3881 eorum
650 3818 775 3899 paruit.
829 3816 1163 3898 compromiserunt-

216 3936 285 3999 quc
313 3924 480 3997 quantum
509 3917 553 3979 ad
582 3916 829 3996 equitationem
855 3915 1061 3980 forestarum
1091 3934 1164 3977 om·

218 4017 312 4078 nium
341 4014 378 4076 in
402 4033 510 4094 regno
541 4011 680 4094 Angliae
708 4015 743 4077 in
768 4022 840 4078 tres
871 4014 1064 4095 episcopos,
1095 4021 1165 4076 tres

128 4121 140 4130 '
217 4113 362 4179 comites
384 4119 420 4176 et
438 4119 509 4176 tres
528 4113 689 4188 barones,
703 4121 743 4174 ut
765 4113 845 4194 ipsi,
863 4112 976 4176 Deum
1000 4111 1166 4175 habentes

218 4233 290 4296 prae
317 4212 438 4290 oculis,
463 4211 610 4276 forestas
641 4211 789 4293 equitari
815 4211 979 4286 lacerent,
1004 4217 1039 4273 et
1062 4211 1167 4276 dubia
