3166 4992
238 641 328 684 dererd
339 641 357 682 1.

235 692 263 731 Δ.
270 691 297 730 D.
307 691 364 730 18⁰8.

384 449 449 514 230
749 460 962 510 ouuoureou

386 621 515 686 sultum
544 620 626 688 fecit
650 620 781 702 palatio
803 638 913 700 usque
940 624 1019 701 post
1046 617 1166 682 boram
1194 637 1333 693 nonam,

227 721 617 804 *oppositoque
645 719 726 800 igne
758 718 948 784 combussit
979 724 1098 799 portas
1131 717 1265 800 palatii,
1298 726 1332 782 et

225 839 374 930 mm
388 826 546 932 potenter
573 819 750 900 ingressus
770 824 836 882 est.
890 815 1069 898 Gaesisque
1090 816 1172 881 hinc
1195 823 1230 880 et
1252 816 1332 882 inde

225 989 319 1040 marm

228 1636 251 1674 la
260 1633 363 1673 liberasso

227 1685 325 1774 ltili„

228 2919 269 2960 uir
279 2920 352 2960 nuth.

224 940 350 990 pannem
388 918 573 1011 aquuibus‚
590 918 682 1001 cepit
699 936 826 1000 papam
843 916 1062 981 Bonifacium
1080 924 1116 981 et
1132 915 1333 981 thesaurum

388 1018 577 1100 copiosum.
630 1016 788 1106 Cumque
812 1016 1021 1099 participare
1042 1015 1161 1092 nollet,
1187 1022 1227 1078 ut
1252 1035 1334 1080 oon-

390 1123 545 1193 vonerat‚
576 1116 840 1182 conclamabant
878 1116 1064 1198 optimates
1103 1115 1148 1178 ad
1187 1114 1335 1197 plebem,

391 1216 545 1282 dicentes
559 1235 597 1280 se
612 1233 689 1281 esse
706 1216 882 1298 deceptos,
896 1221 931 1278 et
946 1215 975 1278 si
1002 1215 1231 1279 abduceretur
1242 1234 1333 1297 papa

392 1316 454 1392 sic,
474 1322 667 1380 verteretur
689 1316 725 1379 in
751 1315 985 1397 proverbium,
1005 1323 1041 1379 et
1068 1313 1206 1378 eederet
1232 1314 1282 1378 eis
1297 1320 1334 1377 et

393 1415 587 1479 haeredibus
597 1416 669 1478 suis
683 1415 718 1478 in
735 1415 958 1496 opprobrium
974 1415 1230 1496 sempiternum.
1264 1411 1334 1477 Ou-

393 1521 640 1596 curreruntque
657 1514 700 1578 ad
716 1532 825 1591 arma,
836 1520 872 1578 et
885 1514 1055 1577 irruentes
1069 1514 1106 1576 in
1119 1533 1191 1590 eos,
1202 1513 1338 1576 sortiter

393 1622 496 1677 extra
505 1613 682 1677 civitatem
693 1613 877 1697 ejecerunt.
914 1612 1337 1695 Repueruntquepapam,

393 1722 428 1776 et
449 1712 626 1795 dispersus
645 1719 699 1777 est
718 1711 901 1777 thesaurus
924 1710 1003 1775 hinc
1021 1719 1058 1776 et
1078 1711 1168 1775 inde.
1221 1710 1336 1774 Resti-

393 1818 601 1892 tueruntqne
611 1831 737 1894 papam
748 1813 784 1875 in
795 1812 1070 1888 loeumsuum,et
1081 1811 1336 1876 confortatoriis

392 1911 507 1974 verbis
528 1911 759 1992 loquebantur
784 1911 815 1974 ei
838 1918 878 1974 ut
904 1931 972 1974 non
993 1911 1141 1976 timeret.
1194 1909 1265 1989 Qui
1285 1929 1336 1972 re-

392 2019 572 2092 assumpto
588 2010 727 2075 tandem
742 2011 865 2093 spiritu
888 2010 1062 2074 benedixit
1076 2029 1148 2086 eos,
1164 2017 1198 2074 et
1214 2009 1335 2092 gloriae

392 2116 427 2173 et
448 2109 606 2174 fidelitati
627 2130 745 2174 eorum
770 2111 904 2191 gratias
925 2109 997 2190 egit
1013 2111 1210 2175 immensas,
1263 2109 1337 2172 Ex·

392 2209 576 2290 posuitque
611 2210 660 2273 eis
693 2229 835 2278 causam
868 2228 974 2291 quare
1014 2209 1215 2273 thesaurum
1256 2228 1337 2272 oon·

392 2317 612 2390 gregaverat‚
637 2328 700 2390 pro
724 2310 864 2390 negotio
890 2308 1022 2372 scilieet
1050 2307 1168 2372 Terrae
1198 2307 1337 2372 Sanctae

392 2407 637 2488 promovendo,
669 2427 773 2489 quam
810 2427 871 2490 per
904 2427 941 2472 se
972 2407 1028 2472 vel
1067 2428 1128 2491 per
1161 2414 1336 2491 potentem
1396 2455 1399 2462 .

391 2506 582 2570 exereitum
619 2514 848 2590 proposuerat
887 2508 1047 2571 visitasse
1091 2509 1127 2571 in
1164 2507 1335 2588 proximo.

393 2603 616 2688 Rogavitque
632 2625 711 2669 eum
727 2606 896 2671 instantia
917 2615 955 2670 ut
978 2627 1057 2670 eum
1073 2607 1223 2671 Romam
1238 2607 1337 2670 salvo

391 2704 624 2768 conducerent
639 2724 703 2786 pro
719 2713 834 2770 suaet
852 2706 1088 2770 benedictione
1103 2707 1182 2770 Dei.
1230 2705 1337 2768 Fece·

391 2810 543 2887 runtque
566 2805 657 2886 quod
674 2804 842 2888 jusserat,
865 2810 900 2868 et
920 2825 998 2870 eum
1020 2811 1179 2888 potenter
1199 2814 1235 2868 et
1255 2824 1335 2869 cum

390 2901 521 2967 honore
534 2904 717 2969 duxerunt.
757 2905 999 2986 Successitque
1017 2905 1127 2969 dolori
1142 2903 1336 2980 infirmitas,

390 3008 426 3065 et
461 3010 541 3085 post
566 3004 640 3068 dies
677 3024 809 3086 paucos
838 3004 965 3068 ibidem
994 3005 1176 3087 requievit,
1205 3003 1338 3067 scilicet

390 3100 526 3166 ‘xrrr.'²
552 3103 607 3167 die
631 3103 806 3180 Octobris,
831 3105 887 3167 eui
917 3104 1085 3168 suecessit
1110 3123 1202 3186 papa
1227 3103 1339 3166 Bene-

228 3214 375 3256 Benedictxt
388 3201 502 3266 dietus
536 3202 610 3266 XI.
643 3203 686 3268 de
722 3204 842 3273 ordine
871 3202 1016 3267 fratrum
1051 3203 1336 3277 Praedieatorum,

224 3711 295 3760 Phlllp

224 3766 314 3801 restores

224 3812 321 3860 Gssoony
330 3814 353 3851 to

223 3861 330 3911 Englsntl.

388 3308 591 3384 assumptus
605 3309 615 3337 ‘
629 3311 665 3368 et
683 3304 805 3368 eodem
823 3300 960 3366 anno.’²

603 3525 672 3588 un
686 3525 807 3588 saisitus
822 3534 864 3588 ost
879 3525 914 3589 e'u
937 3524 1114 3588 Woseoae'o.

437 3691 567 3756 Eodem
599 3713 690 3756 anno
721 3696 861 3758 saisitus
893 3705 946 3760 est
971 3716 1032 3758 rex
1059 3703 1177 3759 noster
1198 3697 1233 3758 in
1262 3703 1337 3759 tota

384 3791 586 3868 Wasconia,
612 3801 648 3856 et
677 3791 799 3856 habuit
831 3793 879 3856 ibi
910 3814 973 3859 sno
1006 3796 1142 3858 nomine
1176 3795 1336 3858 comitem

418 4006 490 4060 ¹We
502 4009 593 4059 should
604 4010 664 4060 here
675 4011 811 4060 read‘xr.'
870 4011 984 4072 Trevisa,
996 4026 1050 4059 was
1061 4011 1159 4060 elected
1167 4011 1338 4070 onTuesday,
1415 4035 1419 4039 -

416 4076 427 4108 ²
445 4079 559 4129 Omitted
575 4082 602 4128 in
620 4081 677 4129 MS.
695 4080 760 4130 Ooll.
773 4081 844 4131 Trin.
871 4080 982 4130 October
992 4081 1095 4144 samad
1112 4080 1229 4129 crowned
1244 4095 1276 4128 on
1293 4081 1336 4128 the

381 4150 505 4200 Benedict
524 4151 584 4210 XL,
609 4151 715 4199 Nicolss
734 4151 844 4200 Bocasin
870 4151 1000 4214 following
1015 4150 1128 4211 Sunday.
1166 4151 1208 4198 He
1225 4149 1285 4198 died
1303 4164 1335 4197 on

381 4219 410 4267 of
429 4220 543 4282 Trevisa,
568 4220 798 4280 cardinal-Bishop
818 4221 847 4269 of
870 4221 967 4270 theeth
980 4236 1009 4268 or
1020 4220 1063 4269 ath
1076 4219 1104 4268 ol
1112 4220 1176 4280 July
1189 4222 1262 4268 1³04.
