3166 4992
422 489 592 537 wnnrnnt
618 491 664 536 nn
688 489 972 546 usulucsunon.
1094 471 1165 536 263

211 644 345 726 majora
362 645 516 727 pericula
535 653 678 728 possent
701 665 864 728 processu
884 647 1054 730 temporis
1077 667 1157 712 eve·
1184 655 1311 744 {fgfflgi'

210 743 295 819 nire,
335 744 483 821 demum,
510 745 736 810 consideratis
773 747 935 828 periculis
969 747 1323 829 praedictisffi

211 861 254 906 ex
278 861 422 912 assensu
445 844 575 910 domini
596 845 687 926 regis
710 843 788 908 ‘a'¹
812 853 886 910 toto
909 845 1053 910 consilio
1076 866 1155 927 par·
1169 835 1314 934 :32¹¹„¹},⁸„{2{{¹¹

211 939 367 1007 lismenti
394 943 551 1024 praedicti
581 944 757 1026 provisum
789 943 866 1020 tuit,
897 945 1155 1022 concordatum,
1168 934 1310 1024 ngqukg,

211 1039 407 1107 ordinatum
423 1049 459 1105 et
477 1042 743 1119 consideratum,
759 1043 851 1126 quod
874 1045 1052 1126 praemissa
1074 1063 1154 1125 gra·

212 1139 362 1216 vamina,
378 1141 632 1223 oppressiones,
649 1141 784 1225 injuriae
799 1150 834 1207 et
846 1129 1064 1206 extorsiones
1081 1143 1155 1206 fieri

212 1257 281 1302 non
302 1241 580 1320 permitterentur
605 1241 640 1304 in
663 1259 769 1322 regno
792 1249 826 1304 et
848 1242 948 1305 terris
970 1242 1154 1322 praedictis.

213 1335 259 1402 Et
272 1337 480 1418 prohibitum
491 1346 544 1404 est
559 1339 751 1420 ‘magistro
764 1338 942 1404 Willelmo
956 1339 1000 1404 de
1012 1337 1154 1404 Testa’2

210 1435 246 1500 in
268 1437 495 1518 parliamento
511 1439 688 1520 praedicto,
704 1437 796 1519 quod
822 1438 865 1502 de
892 1445 1017 1502 caetero
1032 1447 1154 1502 eontra

210 1535 452 1614 provisionem,
474 1538 704 1614 concordiam,
727 1537 1041 1603 ‘considerationes
1066 1557 1154 1620 pree·

211 1633 332 1710 dictae,
359 1633 465 1700 non'³
490 1637 667 1719 procedat,
698 1654 761 1700 nec
787 1656 849 1718 per
874 1656 913 1700 se
939 1655 1001 1700 seu
1032 1633 1153 1719 ‘per'⁴

211 1732 315 1798 alium
329 1753 569 1818 quemcunque
583 1736 619 1800 iu
630 1736 816 1817 praemissis
831 1741 890 1799 ‘se
902 1733 930 1770 ’⁴
944 1737 1154 1800 intromittat

212 1832 268 1894 vel
280 1833 396 1916 aliquo
408 1835 676 1915 praemissorum.
716 1834 763 1898 Et
774 1833 965 1917 injunctum
977 1842 1031 1899 est
1041 1835 1152 1899 eidem

211 1932 378 2012 magistro
407 1932 584 1998 Willelmo
614 1932 706 2014 quod
739 1933 901 2014 quicquid
932 1953 995 2015 per
1026 1934 1152 2015 ipsum,

211 2029 374 2111 collegas,
391 2031 657 2108 commissarios,
671 2031 858 2108 ministros,
871 2033 964 2095 vices
981 2040 1153 2112 gerentes,

211 2135 273 2192 aut
290 2129 377 2193 alios
393 2149 617 2212 quoscunque
638 2130 703 2194 sibi
726 2129 940 2196 adhaerentes
963 2150 1025 2194 seu
1041 2131 1152 2195 inten-

210 2227 330 2292 dentes
346 2235 589 2311 attemptatum
608 2236 673 2306 est,
690 2238 806 2298 actum
828 2249 890 2293 seu
914 2237 1099 2294 executum
1117 2231 1153 2292 in

211 2329 410 2408 praemissis,
446 2334 482 2392 et
517 2327 672 2411 quolibet
711 2329 980 2410 praemissorum,
1016 2336 1155 2394 revocet

211 2425 270 2489 ‘io
287 2425 466 2503 cassum‚’⁵
486 2428 622 2492 irritum
647 2434 682 2492 et
702 2429 824 2507 inone;
852 2435 1011 2492 ettotam
1028 2435 1154 2511 ‘pecu-

212 2517 346 2602 niam,'⁶
373 2527 409 2590 in
439 2526 505 2590 hac
538 2533 637 2609 parte
668 2528 832 2604 levatam,
865 2527 963 2591 salvo
987 2529 1154 2592 custodiri

211 2623 317 2688 saciat
337 2633 374 2690 et
397 2645 517 2692 secure
538 2625 628 2692 infra
645 2645 790 2707 regnum
814 2626 1027 2709 praedictum,
1042 2635 1053 2663 ‘
1066 2647 1153 2709 quo·

210 2743 320 2804 usque
335 2723 493 2790 dominus
515 2745 578 2790 rex
601 2745 680 2790 cum
693 2725 867 2807 ,praedicto
893 2727 1038 2790 oonsilio
1058 2727 1153 2790 aliud

210 2840 314 2904 super
331 2822 396 2886 hoc
414 2824 553 2889 duxerit
568 2823 837 2888 ordinandum!⁷
878 2825 925 2889 Et
941 2834 1151 2908 praeceptum

209 2928 262 2986 est
290 2921 436 3003 singulis
460 2923 718 2988 vicecomitibus
746 2923 903 3004 praedicti
930 2926 1040 3004 regni,
1062 2925 1154 3006 quod

209 3038 271 3100 per
287 3028 539 3087 sacramentum
550 3021 735 3102 proborum
752 3029 787 3084 et
800 3021 964 3101 legalium
979 3023 1155 3086 hominum

210 3117 253 3182 de
271 3119 408 3185 ballivis
426 3121 510 3196 suis,
527 3139 589 3202 per
605 3139 692 3202 quos
715 3120 764 3183 rei
781 3121 908 3184 veritas
931 3121 1054 3184 melius
1074 3121 1155 3185 sciri

211 3218 350 3298 poterit,
374 3217 558 3300 diligenter
580 3213 754 3300 inquirant
776 3219 818 3282 de
844 3220 1039 3284 nominibus
1062 3239 1155 3284 com·

210 3316 444 3383 missariorum
495 3326 531 3382 et
581 3318 728 3383 aliorum
771 3317 1003 3381 ministrorum
1045 3326 1155 3401 ‘prte-

247 3529 254 3559 ¹
271 3533 280 3559 ‘
287 3533 335 3594 ac,'
346 3533 405 3584 Ret,
692 3534 773 3594 jurem
785 3535 862 3596 hujus
872 3536 909 3584 rei
927 3536 1079 3586 evidentiam
1092 3539 1159 3587 ordi·

244 3597 407 3662 '‘praedicto
429 3605 550 3666 magistro
574 3605 671 3652 Willel-
697 3609 784 3654 natmn
807 3609 846 3654 est
865 3609 891 3654 et
912 3607 1090 3656 concordatum
1112 3623 1158 3670 per

209 3671 267 3732 m0,’
281 3672 337 3720 Rot.
696 3674 826 3722 dominum
854 3689 938 3737 regem
967 3679 993 3724 et
1024 3678 1158 3726 consilium

245 3737 258 3768 ³·
268 3740 513 3790 ‘considerationem
534 3743 672 3803 praedictas
697 3743 857 3806 praedictum,
868 3744 937 3805 quod
947 3744 1011 3794 dicti
1018 3747 1105 3796 nuncii
1115 3763 1160 3796 ex·

209 3809 273 3870 nec,'
285 3811 343 3859 aot.
697 3813 763 3872 perti
773 3813 807 3862 ad
818 3813 914 3865 dictum
927 3814 1054 3864 dominum
1066 3830 1159 3876 pspam

245 3876 493 3929 ⁴0mittedinRot.
698 3895 730 3929 ex
755 3887 828 3942 parte
850 3883 913 3930 dicti
929 3883 1024 3931 domini
1045 3886 1113 3946 regis
1135 3890 1161 3934 et

245 3945 514 4006 “utcassum‚’Rot.
698 3951 775 3998 totius
802 3953 990 4000 communitatis
1019 3954 1161 4014 praedictae,

244 4014 255 4045 ⁰
271 4018 420 4078 ‘pecuniam
431 4033 478 4078 per
488 4016 550 4078 eos,'
561 4017 619 4066 Rot.
698 4021 1067 4081 transmittanturadpraedicta
1074 4037 1162 4083 grava-

245 4083 256 4113 '
272 4087 421 4148 ‘quousque
442 4087 558 4136 dominus
577 4101 623 4134 rex
640 4087 672 4134 de
699 4089 776 4150 mina,
793 4090 977 4152 oppressiones,
998 4092 1162 4152 extorsiones,

211 4156 316 4204 consilio
327 4155 449 4217 praedicto
461 4156 532 4204 aliud
541 4170 618 4216 super
626 4155 673 4204 hoc
699 4160 724 4204 et
742 4159 849 4218 injurias
865 4159 1018 4208 notificanda
1040 4164 1065 4208 et
1084 4175 1162 4225 expo-

210 4225 313 4274 duxerit
323 4225 498 4274 ordinandum.
536 4225 569 4272 Et
578 4225 610 4272 ad
620 4239 672 4272 ma·
700 4226 801 4287 nenda,'
812 4227 870 4275 Rot.
