3166 4992
436 477 504 542 246
806 494 1017 544 canoruoou
1122 565 1125 570 ¹

290 663 418 754 ffnf'noa
325 662 410 705 wurdt·
433 671 518 714 eum
528 658 753 716 accusaverat
763 651 855 733 apud
865 671 979 733 regem
989 650 1141 733 Angliae,
1152 660 1187 717 et
1199 671 1295 719 suam
1308 672 1390 718 con

278 763 428 776 “···-
441 749 502 816 dit’
478 759 606 816 tionem
625 751 925 816 deterioraverat
914 771 950 814 ιιι
966 752 1155 816 damnum'
1145 753 1266 835 rpsius.
1318 751 1389 830 Qui

442 871 520 916 cum
547 850 689 933 pacifice
711 850 911 933 loqueretur
935 857 971 914 et
995 860 1181 916 excusaret
1207 872 1257 929 se,
1279 852 1391 917 noluit

443 951 608 1016 exaudire
632 969 823 1016 sermonem
851 950 938 1033 ejus,
962 951 1034 1027 sed,
1055 959 1095 1016 ut
1119 952 1390 1033 conspiraverat,

443 1052 613 1134 percussit
629 1071 705 1114 eum
724 1051 812 1132 pede
831 1058 866 1116 et
890 1050 1019 1132 gladio,
1036 1057 1072 1115 et
1088 1059 1275 1115 retrorsum
1292 1052 1388 1116 abiit.

443 1149 493 1214 At
520 1151 573 1214 sni
601 1158 730 1214 extunc
759 1150 976 1231 insequentes
1005 1169 1096 1226 eum,
1125 1158 1392 1232 prostraverunt

444 1270 521 1326 eum
535 1251 571 1313 in
586 1251 783 1332 pavimento
797 1249 930 1325 altaris,
942 1268 1004 1331 pro
1018 1250 1389 1334 mortuodimittentes.

446 1350 609 1414 Cucurrit
631 1359 745 1413 antem
773 1348 912 1430 quidam
938 1349 1036 1412 miles
1061 1369 1106 1412 ex
1128 1348 1212 1425 suia,
1230 1349 1389 1414 dominus

336 1473 342 1480 ·
446 1449 621 1514 Robertus
652 1448 788 1531 Comyn
815 1447 1005 1511 avunculus
1035 1448 1122 1531 ejuS,
1154 1455 1194 1512 ut
1221 1449 1389 1513 auxilium

446 1549 551 1612 ferret
567 1549 621 1622 ei;
646 1548 708 1612 sed
722 1547 871 1612 occurrit
886 1547 917 1610 ei
930 1545 1164 1611 christoforus
1188 1540 1230 1612 de
1246 1547 1389 1624 Sethon,

447 1649 508 1730 qui
533 1667 686 1712 sororem
711 1646 839 1710 domini
871 1645 1018 1710 Roberti
1047 1646 1089 1710 de
1117 1647 1210 1712 Brus
1240 1648 1390 1712 duxerat

447 1749 484 1811 in
500 1767 655 1821 uxorem,
672 1753 707 1811 et
727 1745 899 1829 percussit
922 1753 1028 1827 caput
1051 1746 1127 1829 ejus
1146 1746 1183 1809 in
1202 1747 1331 1828 gladio,
1354 1755 1390 1812 et

447 1855 604 1912 mortuus
641 1854 705 1910 est.
764 1846 1004 1927 Egressusque
1036 1853 1090 1911 est
1125 1845 1282 1910 dominus
1316 1846 1390 1911 Ro·

446 1948 565 2011 bertus
595 1944 638 2010 de
668 1946 772 2022 Brus,
805 1952 841 2009 et
874 1945 994 2009 videns
1020 1945 1233 2009 dextrarium
1253 1941 1390 2010 'domiui

446 2046 618 2111 Iohannis
641 2032 847 2127 elegantem,
869 2044 1023 2108 ascendit
1045 2045 1081 2108 iu
1102 2063 1202 2124 eum3
1227 2047 1389 2110 ascende-

446 2155 595 2228 runtque
623 2145 678 2210 sni
698 2145 775 2208 cum
803 2163 855 2220 eo,
881 2152 917 2207 et
938 2144 1083 2226 profecti
1109 2151 1191 2208 sunt
1217 2163 1326 2227 usque
1352 2145 1389 2208 in

446 2253 609 2321 castrum,
626 2252 662 2309 et
681 2251 846 2327 ceperunt
866 2243 961 2307 illud.
1014 2243 1171 2325 Cumque
1192 2244 1390 2327 divulgare-

439 2351 506 2409 'tur
535 2345 627 2428 quod
659 2345 788 2408 factum
820 2343 946 2419 fuerat,
976 2352 1200 2407 cucurrerunt
1235 2345 1278 2408 ad
1309 2365 1388 2409 eum

448 2445 554 2509 Secti.
607 2445 653 2508 Et
678 2443 859 2527 justitiarii
892 2443 1052 2507 timentes
1073 2438 1160 2518 sibi,
1190 2443 1388 2509 clauserunt

447 2545 538 2608 ostia
559 2544 649 2607 aulas
667 2544 790 2624 inqua
814 2542 982 2606 sedebant
1001 2558 1077 2614 eum
1096 2544 1216 2623 paucis
1230 2541 1388 2624 Anglicis

449 2643 509 2724 qui
535 2650 634 2707 erant
660 2662 738 2706 cum
771 2641 845 2730 eis:
877 2641 969 2723 quod
999 2642 1143 2706 audiens
1173 2641 1257 2724 ipse,
1280 2643 1389 2726 jussit

446 2744 561 2824 ignem
581 2741 721 2825 apponi,
749 2741 817 2804 uisi
836 2741 1015 2806 confestim
1037 2739 1218 2806 redderent
1240 2759 1320 2821 θοις
1351 2749 1389 2807 at

446 2843 498 2906 illi
527 2843 694 2908 dederunt
722 2861 771 2916 se,
800 2841 908 2905 vitam
939 2840 1158 2922 postulantes
1189 2849 1223 2904 et
1252 2843 1388 2905 salvum

435 2960 624 3023 egressum
653 2961 675 3005 a
704 2947 808 3017 terra,
837 2940 928 3022 quod
962 2947 997 3004 et
1026 2942 1101 3021 ipse
1128 2941 1297 3004 concessit
1325 2943 1388 3005 eis.

448 3041 583 3120 Quibus
603 3043 654 3105 ita
677 3041 798 3122 gestis
816 3030 1066 3104 nunciaverunt
1082 3039 1113 3103 ei
1128 3039 1268 3121 quidam
1282 3039 1389 3104 male·

447 3143 518 3206 voli
561 3141 654 3224 quod
691 3141 850 3204 dominus
886 3139 1065 3203 iohannes
1095 3138 1237 3221 ·Comyn
1276 3139 1388 3204 adhuc

445 3242 599 3320 viveret3
631 3239 756 3304 fratres
784 3239 874 3302 enim
902 3246 1167 3320 asportaverant
1194 3253 1271 3301 enm
1299 3238 1390 3301 infra

446 3341 655 3405 vestibulum
686 3339 817 3413 altaris¹
844 3345 882 3400 ut
912 3336 1162 3402 medicarentur
1187 3337 1218 3400 ei
1244 3345 1283 3414 et¹
1307 3355 1390 3401 con·

446 3441 601 3504 fiteretur
620 3446 763 3521 peccata
780 3456 856 3502 sua.
908 3435 979 3514 Qui
1001 3455 1078 3501 cum
1103 3435 1281 3500 confessus
1299 3445 1391 3503 esset

447 3545 483 3600 et
504 3558 586 3602 rere
607 3539 791 3620 poenitens,
804 3536 906 3618 jussu
930 3537 1070 3620 tyranni
1094 3542 1274 3600 extractus
1296 3543 1350 3600 est
1368 3556 1391 3602 a

445 3635 629 3711 vestibulo,
654 3642 689 3699 et
718 3636 752 3698 in
777 3635 941 3715 gradibus
969 3635 1109 3717 majoris
1138 3635 1259 3698 altaris
1282 3634 1390 3700 iuter·

446 3733 569 3809 fectus,
595 3734 644 3798 ita
667 3733 759 3816 quod
784 3735 925 3816 sanguis
950 3735 1059 3816 ipsius
1085 3733 1240 3798 tabulam
1268 3735 1390 3800 altaris

283 3857 394 3947 neap.
423 3834 574 3948 tetigit,
591 3840 626 3897 et
642 3833 772 3899 etiam
762 3853 874 3915 1psum
897 3834 1018 3898 altare
1071 3833 1240 3897 Circuivit
1263 3842 1393 3898 extunc

282 3909 435 4010 ῗιῗιιιιιιιιιι
445 3940 572 3997 terram
601 3932 740 4009 Scotiae,
767 3933 967 4032 occupando
989 3940 1025 3996 et
1053 3933 1239 4015 muniendo
1265 3940 1393 4010 castra,

282 4012 393 4102 iiiii&
382 4073 399 4102 ι.
446 4042 481 4098 et
515 4032 745 4116 depraedando
777 4023 887 4096 terras
926 4033 1065 4108 mortui,
1104 4032 1335 4114 fugeruntque
1372 4053 1393 4096 a

445 4134 562 4197 facie
553 4134 662 4247 upsius
687 4143 847 4216 parentes
872 4131 1036 4208 defuncti,
998 4138 1090 4195 tet
1111 4151 1228 4196 omnes
1252 4130 1393 4213 Anglici

445 4234 574 4296 reversi
591 4234 698 4296 suut
689 4253 724 4295 ιιι
739 4238 866 4296 terram
881 4251 990 4296 suam.
