3144 4990
432 489 603 538 wnnrnnr
630 489 678 536 nn
704 488 986 562 neuruonuucrr.
1115 471 1181 558 381κ

231 650 266 704 et
281 641 316 703 in
334 649 466 709 tantam
481 645 749 709 familiaritatem
766 652 820 708 est
834 664 855 708 a
870 645 972 714 nobis¹
985 652 1180 732 susceptus,
1194 661 1344 753 {⁶⁹¹3th

232 757 274 802 ac
296 740 391 805 illam
417 743 453 805 in
479 763 517 808 se
544 745 795 807 humanitatem
818 751 986 826 expertus
1014 750 1052 807 ut
1081 750 1180 825 pater
1194 738 1302 844 ragna-
1328 738 1333 748 '

232 846 351 902 noster
364 851 548 906 vocaretur
563 850 598 906 et
620 843 825 905 adoraretur
847 845 891 906 ab
915 843 1073 905 omnibus
1100 850 1180 924 post
1193 845 1338 884 ''Mihi“

233 955 349 1018 regem
376 941 560 1005 secundus.
620 940 778 1023 Cumque
798 941 1016 1022 postmodum
1035 961 1179 1029 regnum
1192 895 1343 986 3ῗὲΠὲἑῖὶῖορ

236 1034 392 1101 Franciee
418 1040 461 1102 ad
489 1059 553 1103 nos
575 1039 655 1123 jure
679 1040 894 1112 successorio
922 1040 1046 1109 fuisset
1076 1040 1180 1104 devo·

233 1133 358 1212 lutum,
393 1145 428 1202 et
459 1157 481 1201 a
513 1137 650 1203 domino
683 1137 848 1220 Philippo
886 1138 930 1203 de
955 1138 1099 1202 Valesio
1137 1139 1180 1202 de

233 1233 326 1297 facto
356 1237 496 1302 notorie
527 1244 745 1318 usurpatum,
775 1237 865 1300 idem
901 1237 1180 1320 archiepiscopus

235 1333 332 1395 nobis
350 1333 548 1415 importuna
564 1335 730 1400 instantia
754 1336 925 1416 persuasit
950 1355 1027 1398 oum
1055 1337 1180 1417 princi·

234 1430 336 1511 pibus
381 1430 597 1496 Alemanniae
641 1441 763 1496 contra
803 1433 932 1497 dictum
980 1432 1181 1516 Philippum

234 1527 347 1594 foedus
382 1531 481 1608 inire,
504 1541 539 1596 et
570 1551 773 1614 guerrarum
796 1533 985 1614 dispendiis
1007 1551 1181 1614 exponere
1246 1589 1249 1596 .

233 1647 296 1690 nos
323 1637 358 1692 et
389 1637 528 1709 nostra;
568 1632 773 1713 promittens
810 1638 846 1694 et
882 1631 1053 1695 affirmans
1087 1631 1180 1713 quod

236 1745 408 1808 expensas
455 1729 498 1792 ad
544 1728 618 1795 haec
657 1731 884 1805 necessarias,
930 1730 973 1793 de
1012 1737 1182 1795 terrarum

236 1837 430 1890 nostrarum
448 1829 685 1908 proventibus,
701 1836 736 1892 et
759 1828 897 1892 aliunde
919 1829 1075 1911 quaesitis
1098 1831 1180 1893 sub-

234 1924 343 2001 sidiis,
375 1925 591 1990 abundanter
618 1927 748 1991 faceret
775 1927 980 2006 ministrari;
1014 1928 1180 2010 adjiciens

235 2023 376 2105 insuper
398 2026 491 2107 quod
517 2025 731 2090 solummodo
756 2025 799 2090 de
828 2027 983 2107 personis
1014 2026 1057 2089 ad
1089 2027 1182 2091 bella

234 2121 346 2186 doctis
380 2130 415 2187 et
450 2125 600 2188 strenuis
636 2124 776 2188 solliciti
803 2143 967 2201 essemus,
995 2126 1077 2206 quia
1105 2127 1181 2207 ipse

233 2223 416 2303 pecuniam
430 2224 659 2292 necessariam
677 2243 739 2304 pro
763 2225 891 2287 nostris
916 2225 1181 2314 necessitatibus

235 2327 270 2382 et
285 2340 405 2384 eorum
419 2322 600 2404 stipendiis
618 2321 802 2386 efficaciter
825 2331 1036 2409 procuraret.
1078 2323 1180 2394 Unde

235 2438 309 2495 nos,
336 2421 423 2483 mari
454 2421 613 2496 transito,
639 2439 779 2484 manum
807 2420 852 2484 ad
878 2422 987 2485 ardua
1012 2409 1180 2499 misimus,

235 2525 271 2582 et
298 2518 390 2582 circa
415 2519 556 2583 bellicos
581 2527 768 2602 apparatus
797 2520 995 2596 immensas,
1011 2528 1051 2584 ut
1077 2541 1180 2604 opor·

233 2617 312 2693 tuit,
338 2635 511 2700 expensas
544 2618 698 2694 fecimus,
730 2626 765 2683 et
801 2619 1044 2683 confoederatis
1082 2622 1180 2692 nobis

235 2715 271 2777 in
286 2717 446 2780 maximis
460 2716 684 2799 pecuniarum
699 2719 841 2781 summis
857 2737 919 2782 nos
938 2718 1180 2799 obligavimus,

236 2812 279 2877 de
301 2817 470 2896 promisso
494 2816 593 2879 nobis
615 2817 758 2892 auxilio,
782 2825 820 2880 ut
842 2817 1078 2898 praemittitur,
1099 2839 1188 2892 con-¹

237 2911 394 2976 fidentes.
456 2913 523 2976 Sed
553 2913 642 2978 heu!
677 2915 838 2995 quoniam
872 2915 1024 2978 illusoris
1055 2917 1179 2982 baculo

236 3010 423 3074 arundineo
447 3030 537 3088 cum,
563 3011 670 3095 juxta
697 3012 908 3100 sententiam
931 3013 1179 3094 propheticam,

235 3109 265 3172 si
292 3109 432 3172 innixus
455 3109 559 3173 fuerit
584 3109 686 3174 homo
711 3111 854 3180 intrabit
880 3113 924 3182 in,
942 3131 1079 3174 manum
1103 3113 1180 3195 ejus

237 3217 272 3272 et
306 3208 495 3290 perforabit
518 3229 606 3285 eam,
631 3208 793 3280 fiduciam
820 3211 1011 3291 posuimus,
1035 3218 1070 3273 et
1098 3213 1182 3282 sub,-

237 3314 350 3371 tracto
373 3309 484 3384 nobis,
508 3309 639 3372 utinam
671 3327 740 3372 non
772 3308 1020 3385 fraudulenter,
1041 3318 1191 3391 sperato.

236 3405 402 3482 subsidio,
427 3407 632 3476 necessitate
660 3407 840 3489 compulsi,
865 3409 930 3471 sub
956 3407 1070 3470 usuris
1102 3428 1181 3489 gra·

238 3505 385 3578 vissimis
411 3505 511 3587 quasi
539 3506 771 3588 importabilia
807 3507 1046 3571 contraximus
1076 3526 1190 3594 onera

236 3603 441 3680 debitorum,
456 3613 492 3668 et
507 3604 557 3668 sio
573 3605 750 3668 retardata
770 3605 992 3687 expeditione
1014 3605 1181 3686 ulteriori,

237 3703 348 3767 coacti
366 3722 484 3766 sumus
498 3705 541 3767 ab
559 3703 728 3767 inchoatis
745 3704 1011 3784 magnanimiter
1029 3705 1180 3769 hostium

236 3801 457 3882 aggressibus
484 3821 526 3872 ea
543 3803 618 3865 vice
645 3803 810 3866 desistere
828 3810 864 3866 et
884 3804 921 3866 in
943 3802 1109 3883 Angliam
1133 3824 1184 3871 re,-

237 3919 373 3979 meare,
418 3901 477 3963 ubi
521 3899 690 3988 expositis
732 3900 876 3981 praefato
923 3900 1184 3983 archiepiscopo

238 3999 364 4088 nostris
410 3999 572 4062 aerumnis
617 3996 864 4080 multiplicibus
908 4007 944 4062 et
988 3998 1184 4062 infortuniis

235 4097 445 4174 memoratis,
489 4104 749 4178 convocatoque
793 4115 896 4178 super
948 4096 1014 4169 hoc
1059 4098 1186 4178 parlia-

236 4204 363 4289 mento,
374 4216 544 4277 proceres,
556 4197 715 4272 barones,
727 4196 862 4286 praelati
872 4196 1055 4278 caeterique
1068 4195 1185 4287 fideles
