3144 4990
414 463 481 528 396
782 479 994 528 onnoruoorr

255 649 402 741 Ἧιαιιι.
416 635 522 700 saluti
559 633 685 700 affectu
720 642 866 717 paterno
896 637 1076 702 consulere
1108 644 1143 702 et
1173 639 1368 702 animarum

251 705 402 835 gqpffi}
416 735 558 799 obviare
587 734 750 816 periculis
783 735 819 797 in
849 735 1003 799 futurum
1035 736 1220 801 salubriter
1249 739 1365 801 inten-

252 835 356 874 ΟΜ
416 833 561 908 dentes;
596 834 854 898 considerantes
889 837 993 898 etiam
1025 837 1118 919 quod
1149 837 1274 900 nedum
1301 856 1366 900 ex-

416 934 641 1014 aggeratione
652 951 834 1014 poenarum
848 933 1036 1015 quinimmo
1050 936 1365 1000 immansuetudine

416 1038 451 1095 et
476 1031 660 1097 dulcedine
690 1033 844 1096 lenitatis
871 1033 1000 1097 subditi
1029 1035 1066 1097 in
1092 1036 1185 1097 viam
1219 1036 1363 1099 rectitu-

415 1131 505 1194 dinis
532 1139 568 1195 et
595 1131 742 1214 justitiae
771 1131 976 1213 diriguntur,
1001 1152 1120 1196 omnes
1148 1141 1183 1198 et
1205 1133 1362 1214 singulas

416 1247 538 1312 poenas
567 1237 603 1293 et
629 1231 828 1307 sententias,
853 1231 1051 1312 spirituales
1079 1240 1115 1296 et
1143 1233 1364 1316 temporales,

417 1331 453 1391 in
485 1328 758 1394 ordinationibus
800 1337 834 1393 et
872 1331 1013 1394 statutis
1047 1338 1239 1409 contentas,
1277 1351 1365 1414 apo·

416 1428 541 1492 stolica
566 1429 774 1493 auctoritate
810 1430 1031 1510 praesentium
1068 1438 1187 1495 tenore
1219 1450 1363 1512 suspen·

415 1525 539 1590 dimus.
607 1526 736 1590 Omnes
773 1529 833 1608 qui
871 1528 1079 1611 temporales
1119 1549 1240 1611 poenas
1273 1547 1362 1612 quas

415 1626 551 1706 praelati
564 1631 611 1704 et
636 1645 793 1707 personae
817 1626 972 1708 praedicti
994 1647 1057 1708 per
1072 1628 1304 1693 ordinationes
1326 1633 1364 1692 et

415 1731 549 1788 statuta
580 1725 691 1802 nobis,
726 1732 765 1788 ut
795 1727 1028 1807 praemittitur,
1065 1729 1287 1804 constitutos,
1320 1747 1362 1792 ac

416 1830 573 1904 petentes
595 1843 617 1887 a
642 1825 741 1887 nobis
763 1825 807 1887 ab
838 1825 965 1888 eisdem
992 1827 1185 1902 sententiis,
1209 1827 1363 1908 siquas,

415 1923 597 1986 occasione
620 1923 901 2004 transgressionis
927 1930 1135 1988 statutorum
1164 1934 1199 1988 et
1223 1927 1363 1989 ordina-

415 2021 547 2084 tionum
592 2022 801 2106 bujnsmodi,
840 2023 1099 2105 quomodolibet
1144 2025 1363 2102 incurrerint,

415 2120 591 2186 humiliter
629 2140 666 2185 se
702 2121 847 2197 absolvi,
880 2141 902 2184 a
935 2123 1113 2186 sententiis
1151 2124 1363 2188 absolvimus

416 2220 626 2296 memoratis,
652 2240 729 2283 curn
756 2221 909 2301 praelatis
935 2228 971 2284 et
998 2224 1153 2302 personis
1177 2223 1363 2304 praedictis,

416 2319 655 2400 praesentibus,
680 2328 719 2383 ut
745 2320 978 2400 praemittitur,
1001 2321 1099 2384 nobis
1126 2322 1231 2384 etiarn
1259 2341 1364 2405 super

417 2419 683 2499 irregularitatis
699 2418 835 2482 macula
855 2426 891 2483 et
915 2418 1143 2496 inhabilitate,
1161 2420 1279 2503 siqua
1299 2441 1362 2504 pro

417 2537 459 2580 eo
475 2518 558 2600 quia
581 2518 631 2580 sic
657 2517 757 2599 ligati
779 2517 952 2599 praedictis
975 2519 1155 2582 sententiis
1174 2538 1364 2603 praesump·

419 2622 539 2686 serunt
552 2615 725 2679 celebrare
740 2615 870 2693 divina,
886 2617 941 2680 vel
959 2637 997 2680 se
1012 2618 1203 2682 immiscere
1221 2619 1362 2698 eisdem,

417 2733 477 2777 seu
524 2733 665 2796 poenam
708 2715 808 2792 alias,
849 2716 1028 2780 occasione
1078 2719 1363 2798 transgressionis

417 2819 627 2877 statutorum
668 2815 823 2897 ipsorum
855 2816 1113 2896 quomodolibet
1145 2817 1364 2881 incurrerunt

416 2913 681 2977 misericorditer
708 2913 958 2996 dispensantes,
984 2923 1020 2979 et
1037 2915 1258 2980 nihilominus
1281 2936 1362 2981 con·

416 3011 602 3076 sessoribus
641 3031 729 3098 quos
771 3014 913 3077 abbates
956 3022 992 3078 et
1032 3015 1167 3096 praelati
1208 3016 1363 3097 praedicti

416 3113 576 3176 absentes
605 3112 783 3193 religionis
814 3111 980 3195 ejusdem,
1003 3115 1064 3195 qui
1087 3133 1209 3196 poenas
1232 3125 1266 3179 et
1286 3135 1362 3179 sen-

416 3213 544 3275 tentias
574 3218 783 3275 statutorum
817 3219 852 3275 et
883 3212 1137 3277 ordinationum
1166 3213 1365 3296 hujusmodi

416 3329 478 3391 per
507 3312 813 3392 transgressionem
842 3330 959 3374 eorum
989 3313 1218 3388 incurrerunt,
1249 3314 1362 3394 elege-

416 3417 497 3474 runt
521 3410 558 3473 in
585 3409 650 3473 bac
671 3417 781 3491 parte,
801 3410 895 3491 ipsos
921 3411 1064 3474 abbates
1088 3418 1123 3474 et
1149 3411 1322 3492 praelatos,
1343 3433 1365 3476 a

416 3510 528 3589 poenis
552 3515 587 3571 et
612 3509 794 3572 sententiis
823 3508 1019 3593 hujusmodi
1048 3511 1256 3574 auctoritate
1279 3531 1364 3595 apo·

415 3606 549 3682 stolica,
575 3606 681 3688 juxta
710 3607 854 3670 formam
888 3609 1052 3685 ecclesiae,
1082 3609 1296 3693 absolvendi,
1327 3619 1364 3676 et

416 3724 494 3768 curn
522 3705 571 3768 eis
601 3723 705 3787 super
732 3705 988 3788 irregularitate
1014 3717 1049 3770 et
1077 3708 1363 3789 inhabilitatibus,

416 3805 670 3886 praemissorum
706 3806 886 3869 occasione
926 3807 1124 3883 contractis,
1157 3811 1364 3874 auctoritate

415 3904 583 3986 praedicta
620 3903 854 3986 dispensandi,
887 3910 921 3967 et
958 3913 1029 3969 tam
1069 3906 1209 3984 eisdem,
1245 3907 1363 3989 ligatis

394 4005 595 4086 'praedictis
619 4005 798 4066 sententiis
831 4011 935 4084 atque
963 4005 1086 4086 poeniS,
1116 4012 1197 4086 post
1227 4007 1365 4074 absolu.-

415 4103 544 4167 ticnem
586 4093 793 4184 hujusmodi,
834 4122 937 4184 quam
982 4103 1060 4166 aliis
1109 4105 1292 4170 abbatibus
1330 4115 1365 4178 et

415 4202 568 4282 praelatis
583 4201 685 4264 dictae
708 4201 896 4282 religionis,
915 4203 1068 4283 praefatis
1092 4203 1204 4284 poenis
1226 4211 1261 4268 et
1286 4225 1363 4270 sen-
