3144 4990
392 453 459 520 tm
759 469 970 517 cunorucou

229 641 321 733 ¹23¹}
325 643 379 734 ³91¹?
391 645 453 690 seu
468 625 733 700 contributione,
747 625 886 690 domino
902 625 976 708 regi
985 625 1152 694 faciendis
1169 626 1224 691 vel
1239 627 1350 690 etiam

226 745 372 815 Μ
391 726 630 802 concedendis,
651 725 713 788 illa
734 726 810 790 vice
834 725 922 790 soret
937 733 1114 790 oneratus.
1161 726 1249 790 Post
1270 727 1348 789 baec

228 825 530 923 'c’fflggffluoque
555 825 590 888 in
618 825 846 906 parliamento
872 824 966 905 apud
991 825 1345 890 westmonasterium

230 924 370 1014 fflffl}
390 924 428 986 in
458 923 734 1004 Quadi-agesimo
766 924 925 1005 proximo
960 923 1092 1006 elapsa,
1118 931 1343 1006 congregato,

226 1024 299 1062 “¹¹⁰⁵
391 1041 556 1086 concessa
578 1029 659 1086 sunt
682 1023 756 1102 regi
783 1041 913 1086 nonum
933 1022 1054 1098 vellus,
1079 1043 1189 1088 nonus
1215 1043 1347 1103 agnus,

390 1141 482 1186 nona
498 1123 626 1202 garba3
648 1120 751 1184 certis
777 1129 894 1184 tamen
910 1121 1021 1184 modis
1036 1127 1072 1184 et
1088 1121 1344 1186 conditionibus

391 1221 550 1304 adjectis,
574 1221 736 1284 videlicet
759 1219 851 1301 quod
878 1219 966 1283 nulli
987 1220 1125 1300 praelati
1151 1240 1215 1284 nec
1237 1221 1342 1284 etiam

391 1319 517 1400 aliquis
531 1319 575 1382 de
592 1319 685 1382 clero
700 1318 878 1399 praedicto,
896 1319 942 1382 ad
967 1317 1072 1401 hujus
1093 1338 1195 1382 nonae
1214 1321 1342 1384 contri-

390 1418 566 1480 butionem
592 1417 760 1498 portionis
790 1416 1009 1498 aliquatenus
1038 1423 1248 1494 tenerentur,
1275 1419 1342 1482 nisi

390 1521 524 1577 tantum
543 1514 594 1577 illi
617 1515 677 1596 qui
691 1534 753 1597 per
767 1515 946 1579 baroniam
964 1523 1133 1592 tenerent,
1148 1522 1185 1579 et
1201 1516 1245 1580 ad
1261 1536 1342 1598 par-

390 1613 590 1676 liamentum
620 1615 738 1677 venire
781 1613 903 1678 solent.
962 1613 1135 1696 Quodque
1168 1615 1213 1680 ad
1245 1615 1343 1679 solu·

391 1712 520 1775 tionem
539 1711 693 1789 decimae,
711 1720 751 1775 ut
764 1713 997 1793 praemittitur,
1006 1732 1191 1790 concessae,
1204 1714 1343 1795 praelati

392 1818 427 1874 et
444 1811 562 1874 caeteri
584 1812 627 1875 de
649 1812 743 1875 clero
769 1830 895 1874 nonam
919 1813 1114 1892 portionem
1139 1813 1342 1892 praedictam

391 1910 580 1982 solventes,
597 1910 795 1972 nullatcnus
810 1910 924 1974 forent
939 1910 1094 1987 astricti;
1118 1911 1178 1974 sed
1201 1911 1343 1992 quidam

391 2016 520 2074 nostrae
551 2009 653 2072 dictae
679 2009 867 2090 provinciae
892 2027 992 2072 nonae
1020 2008 1189 2090 portionis
1216 2010 1341 2076 collec-

392 2114 497 2181 tores,
514 2126 536 2170 a
547 2106 700 2188 praelatis
718 2115 753 2170 et
768 2107 902 2170 caeteris
923 2108 967 2170 de
990 2107 1082 2170 clero
1097 2107 1156 2188 qui
1172 2109 1341 2172 decimam

391 2206 601 2270 antedictam
616 2207 768 2282 solvunt,
785 2212 821 2271 et
831 2225 893 2286 per
907 2207 1084 2270 baroniam
1101 2206 1144 2268 de
1159 2227 1241 2290 rege
1256 2207 1343 2270 nihil

390 2311 519 2381 tenent,
534 2323 597 2367 nec
614 2305 658 2372 ad
682 2305 947 2386 parliamentum
963 2305 1080 2368 venire
1097 2305 1231 2370 astricti
1246 2314 1341 2382 sunt,

393 2423 532 2477 nonam,
549 2411 589 2467 ut
605 2403 838 2486 praemittitur,
854 2422 1064 2480 concessam,
1088 2402 1215 2480 levare,
1230 2411 1266 2469 et
1280 2425 1343 2486 per

393 2502 624 2566 districtiones
639 2501 755 2564 varias
771 2503 926 2565 nituntur
943 2503 1095 2582 exigere.
1147 2502 1341 2585 Insuperet

393 2600 437 2662 ab
453 2598 518 2661 biis
535 2601 595 2679 qui
610 2600 654 2662 ad
677 2600 882 2665 solutionem
906 2601 1009 2684 hujus
1030 2620 1129 2664 nonae
1145 2603 1342 2682 astringun-

393 2704 462 2773 tur,
480 2705 602 2760 contra
622 2699 734 2761 Deum
762 2705 797 2762 et
817 2699 990 2781 justitiam
1016 2718 1058 2762 ac
1084 2701 1340 2768 concessionem

393 2796 613 2878 saepedictam
639 2795 732 2860 viros
759 2797 1012 2862 ecclesiasticos
1034 2798 1221 2874 onerando,
1249 2799 1341 2863 deci.

393 2913 483 2958 mam
506 2897 652 2977 exigunt
663 2903 897 2960 memoratam.
949 2895 1123 2974 Quocirca
1136 2897 1172 2960 in
1188 2897 1338 2962 Domino

393 3014 455 3058 vos
484 2995 662 3060 hortamur
687 3003 722 3060 et
750 2995 956 3075 requirimus
984 3003 1155 3076 quatenus
1171 3016 1339 3077 personas

392 3095 573 3175 religiosas
589 3102 624 3158 et
635 3093 899 3169 ecclesiasticas,
914 3094 980 3158 nisi
992 3094 1179 3158 secundum
1194 3095 1338 3160 sormam

391 3202 427 3258 et
455 3194 712 3258 concessionem
733 3192 937 3268 antedictas,
965 3194 1100 3256 onerari
1131 3193 1186 3258 vel
1217 3197 1338 3259 vexari
1376 3233 1381 3242 ·

390 3293 587 3357 nullatenus
613 3292 835 3374 permittatis,
859 3310 922 3354 nec
949 3291 1052 3354 etiam
1075 3293 1254 3357 consilium
1276 3313 1338 3358 seu

390 3411 567 3456 assensum
582 3393 618 3453 in
633 3391 735 3454 dictae
752 3389 868 3454 Cattae
886 3389 1137 3470 praejudicium,
1154 3410 1216 3454 seu
1233 3393 1339 3473 privi-

389 3490 558 3572 legiorum
582 3507 624 3552 ac
646 3488 845 3553 libertatum
863 3488 1174 3552 ecclesiasticarum
1195 3492 1338 3553 snbver-

389 3589 533 3664 sionem,
558 3588 742 3669 praebeatis
775 3587 1036 3668 quoquomod03
1060 3588 1091 3650 si
1114 3606 1198 3651 vero
1221 3589 1337 3664 breve,

389 3685 595 3761 commissio,
627 3693 882 3767 praeceptumve
915 3686 1009 3750 aliud
1043 3692 1163 3750 contra
1193 3686 1337 3752 sormam

389 3785 531 3866 Magnae
552 3783 679 3857 Certae,
694 3782 877 3865 privilegia
894 3803 935 3849 ac
950 3784 1126 3848 libertates
1143 3784 1337 3850 antedictas

388 3905 410 3948 a
428 3883 635 3948 cancellaria
660 3883 838 3964 bucusque
864 3883 991 3948 suerint
1018 3884 1143 3947 emissa
1165 3883 1256 3946 infra
1278 3884 1337 3949 de-

387 4004 461 4047 cem
499 3984 573 4054 dies
616 3990 697 4065 post
730 3983 852 4046 barum
884 3981 1111 4063 receptionem
1145 3982 1336 4059 literarum,

387 4083 477 4146 sicut
509 4083 685 4157 tenemini,
715 4080 870 4144 revocari
905 4088 940 4143 et
974 4079 1147 4144 annullari
1178 4079 1335 4159 faciatis3

386 4180 551 4244 voluntas
573 4182 697 4245 etenim
718 4180 847 4244 domini
866 4179 975 4242 nostri
990 4178 1082 4260 regis
1100 4186 1233 4242 cartam
1247 4199 1336 4262 prae·
