3126 4986
240 634 330 676 aarum
346 634 364 673 Ι.

241 687 268 725 Δ.
274 686 301 724 Ι).
313 685 369 723 1294.

230 773 280 811 war
289 773 312 811 lu

229 825 333 872 <11an.

386 443 430 506 50
759 462 968 510 cnuorucou

391 618 605 695 Palmarum,
622 637 691 681 non
709 620 1013 700 processionaliter
1034 638 1113 683 cum
1134 619 1259 702 palmis
1281 619 1344 682 sed

229 739 377 748 --“·
392 718 570 782 turmatim
600 737 678 782 cum
710 718 853 795 lanceis,
880 720 1091 784 obsederunt
1115 726 1253 783 nostros
1283 719 1344 801 qui

393 819 441 881 ibi
458 825 698 883 remanserant
711 839 774 901 per
788 818 863 883 dies
881 836 936 884 xi.
952 820 1081 882 multas
1101 819 1346 901 oppressiones

393 926 429 982 et
442 918 581 982 diversa
594 920 800 1000 gravamina
814 919 942 983 eisdem
956 919 1155 984 inserentes.
1182 917 1347 1000 *Cumque

394 1019 531 1082 exirent
554 1017 742 1100 aliquando
764 1020 874 1084 nostri
895 1027 936 1082 ut
950 1018 1096 1099 gloriam
1118 1017 1251 1081 militiae
1273 1036 1347 1080 suaa

393 1117 428 1180 in
440 1117 597 1182 hostibus
608 1124 821 1194 exercerent,
829 1119 988 1182 retaciati
1003 1123 1085 1182 sunt
1096 1135 1117 1180 a
1127 1117 1348 1180 multitudine

394 1236 523 1298 magna
531 1217 626 1281 velut
636 1236 720 1280 oves
728 1219 764 1282 iu
773 1219 883 1283 ovile:
902 1218 1087 1284 novissime
1096 1236 1179 1280 vero
1189 1217 1348 1280 videntes

395 1317 505 1380 nostri
529 1335 567 1380 se
591 1316 650 1380 diu
677 1318 727 1382 sic
753 1337 954 1400 permanere
981 1337 1051 1381 non
1071 1336 1185 1398 posse,
1202 1316 1347 1380 consilio

396 1415 494 1491 inito,
514 1415 744 1480 decreverunt
765 1417 857 1498 quod
879 1419 915 1481 in
935 1417 1014 1499 ipsa
1038 1415 1231 1480 ebdomada
1258 1415 1346 1479 Pas-

397 1515 483 1591 chae,
512 1515 653 1597 navigio
691 1518 891 1582 recederent
933 1527 969 1580 et
999 1516 1043 1581 de
1081 1522 1194 1593 nocte,
1231 1515 1351 1579 mitte··

397 1621 586 1697 renturque
617 1617 698 1698 equi
728 1635 846 1680 eorum
877 1635 939 1699 per
969 1623 1096 1680 terram
1118 1616 1153 1677 in
1178 1616 1255 1678 rivo
1281 1613 1350 1679 Ge-

398 1714 519 1778 rundae
535 1733 645 1797 usque
659 1716 817 1796 Burgum
835 1723 871 1779 et
889 1715 1054 1798 Blaynes,
1071 1714 1131 1778 sed
1144 1714 1349 1796 impeditum

399 1822 453 1878 est
469 1834 587 1879 eorum
605 1816 821 1898 propositum
837 1815 939 1879 modo
957 1816 1017 1897 qni
1032 1814 1198 1896 sequitur.
1254 1813 1349 1876 ‘Te-

399 1914 586 1980 nebatur'¹
622 1915 658 1978 in
692 1915 838 1979 vinculis
873 1915 973 1978 miles
1010 1914 1151 1997 quidam
1185 1919 1348 1977 centena-

399 2014 483 2091 rius,
509 2014 533 2079 J
536 2015 689 2079 ohannes
714 2016 846 2080 scilicet
868 2012 1027 2088 Giliard;
1052 2014 1107 2078 hic
1134 2033 1212 2077 cum
1234 2013 1350 2096 cujus-

400 2113 480 2177 dam
508 2115 626 2190 castri,
656 2115 789 2179 scilicet
815 2111 1054 2190 Ριιιὶειιειῑοίι,Ξ
1081 2121 1199 2176 custos
1225 2111 1350 2176 fuisset

401 2213 601 2296 deputatus,
628 2214 892 2278 advenientibus
920 2213 1066 2278 Francis
1092 2222 1128 2276 et
1151 2231 1230 2276 eum
1257 2212 1352 2276 obsi·

402 2312 564 2376 dentibus
579 2311 723 2376 tradidit
737 2332 775 2376 se
797 2313 848 2376 eis
863 2314 929 2376 sub
944 2320 1049 2394 pacto
1066 2312 1129 2376 tali
1152 2312 1244 2393 quod
1260 2312 1350 2375 scili-

401 2417 458 2474 cet
474 2411 549 2492 ipse
571 2430 649 2474 cum
665 2409 824 2494 Anglicis
848 2413 908 2494 qui
934 2431 1012 2476 cum
1033 2431 1075 2476 eo
1099 2418 1200 2478 erant
1216 2411 1351 2475 abirent

401 2510 508 2574 libera
534 2516 627 2593 ‘quo
644 2509 815 2588 vellent‚'³
844 2519 880 2575 et
907 2511 1119 2576 voluntatem
1142 2530 1238 2574 suam
1258 2510 1351 2574 face-

403 2616 480 2673 rent
513 2609 640 2674 Franci
674 2610 716 2674 de
746 2610 1051 2687 Vasconiensibus,
1080 2611 1140 2693 qui
1172 2630 1209 2674 se
1238 2611 1352 2693 primo

403 2708 571 2773 dederant
602 2711 634 2774 ei
664 2718 699 2774 et
726 2730 803 2774 cum
834 2730 876 2774 eo
907 2711 1104 2786 manebant,
1126 2709 1352 2791 feceruntque

405 2808 532 2872 Franci
557 2810 620 2886 sic,
656 2819 692 2874 et
719 2810 762 2873 de
780 2809 1075 2875 Vasconiensibus
1099 2809 1353 2892 suspenderunt

403 2909 528 2990 laqueo
546 2909 684 2973 circiter
708 2927 741 2974 n.
764 2916 906 2992 propter
935 2909 1029 2992 quod
1054 2908 1194 2991 quidem
1222 2909 1352 2974 factum

402 3009 483 3074 irati
514 3017 596 3074 sunt
613 3009 868 3074 Vasconienses
894 3017 929 3074 et
957 3008 1177 3073 vehementer
1201 3008 1285 3073 moti
1316 3017 1352 3075 et

403 3129 441 3172 se
467 3109 550 3174 dare
563 3110 728 3175 volebant
755 3117 876 3175 contra
902 3117 1052 3184 nostros,
1075 3107 1230 3172 dicentes
1261 3109 1353 3173 sedi·

402 3209 531 3274 tionem
563 3209 637 3274 fieri
660 3212 696 3273 in
730 3209 861 3292 populo
890 3228 966 3272 suo.
1032 3208 1202 3273 Volentes
1235 3215 1351 3272 autem

403 3307 544 3390 Anglici
568 3309 655 3391 ipsis
678 3309 816 3391 placere
837 3328 900 3391 pro
917 3326 1033 3389 possa,
1050 3314 1247 3372 statuerunt
1259 3307 1354 3391 judi-

402 3407 536 3470 cialiter
552 3407 692 3488 procedi
711 3415 832 3471 contra
850 3408 994 3472 eundem
1012 3407 1157 3472 militem
1173 3415 1214 3471 ut
1229 3408 1353 3470 saltem

403 3505 544 3583 cognita
561 3507 706 3568 veritate
724 3525 842 3569 eorum
864 3508 1095 3571 innocentiam
1116 3506 1352 3586 declararent;

403 3622 550 3685 cumque
573 3605 796 3669 marescallus
825 3607 999 3670 exercitus
1032 3606 1190 3669 dominus
1221 3606 1355 3670 scilicet

405 3701 612 3784 Radulphus
637 3704 680 3768 de
697 3703 833 3785 Gorgos
858 3706 895 3769 in
921 3707 998 3788 ipso
1024 3706 1080 3769 die
1098 3705 1264 3769 Mercurii
1283 3726 1352 3788 quo

402 3802 498 3865 exire
519 3803 683 3868 deberent
704 3805 740 3868 in
758 3806 912 3886 vesperis
933 3825 998 3887 pro
1022 3805 1187 3870 tribunali
1207 3805 1353 3882 sederet,

402 3903 446 3966 ad
457 3902 627 3987 judicium
645 3903 838 3968 faciendum
863 3904 906 3968 de
933 3905 1009 3987 ipso
1032 3904 1141 3969 milite
1163 3912 1199 3970 et
1216 3905 1258 3968 de
1276 3906 1353 3987 qni-

438 4083 637 4133 ¹‘Tenebatur
675 4085 760 4147 enim,’
805 4084 862 4134 MS.
889 4083 931 4131 the
951 4083 1073 4145 Gironde,
1089 4083 1116 4131 in
1135 4083 1178 4132 the
1197 4084 1355 4134 arrondisse-

400 4153 496 4202 Lausd.
889 4159 957 4202 ment
968 4153 997 4202 of
1006 4153 1152 4202 Bordeaux.

433 4220 444 4248 ²
463 4223 596 4285 Podearac,
605 4239 621 4272 a
630 4229 698 4271 town
707 4223 819 4272 situated
830 4237 861 4271 on
922 4220 933 4250 ³
951 4223 1077 4284 Supplied
1087 4223 1151 4271 from
1163 4223 1221 4272 MS.
1233 4223 1327 4272 Lansd.
