3166 4992
250 633 341 674 aanor
354 635 372 675 1.

245 684 271 722 Δ.
281 684 307 723 D.
319 687 376 727 leto.
434 693 435 696 ’

237 739 386 749 ——

395 445 461 511 250
699 507 701 512 ,
742 459 970 507 cnaourcon

397 638 514 701 regem
539 617 627 682 duos
651 616 741 680 filios
766 635 848 679 suos
869 636 931 697 pro
949 615 1128 680 voluntate
1149 614 1241 698 regis
1264 618 1345 681 reti-

398 719 526 784 nendos
558 718 594 782 in
631 717 893 780 exeusationem
929 716 983 779 sni
1021 716 1112 798 qnod
1147 733 1282 798 semper
1314 718 1346 780 ei

397 819 509 884 fidelis
533 812 731 898 extiterat)
746 819 791 878 et
805 823 947 898 propter
970 835 1076 878 unum
1094 816 1236 878 verbum
1253 817 1345 898 quod

397 919 523 982 marito
550 935 614 980 suo
637 917 774 980 dixerat
796 934 874 978 eum
899 915 935 978 in
963 916 1185 979 coronatione
1210 935 1276 979 sua
1295 917 1346 980 lo·

397 1026 562 1099 queretur
580 1017 613 1080 ei
630 1024 667 1079 et
694 1015 836 1090 diceret,
855 1013 1028 1078 “Laetare
1052 1014 1154 1078 modo
1172 1015 1344 1092 consocia,

398 1118 481 1199 quta
499 1116 620 1197 regina
635 1114 757 1178 effecta
771 1133 820 1191 es,
833 1122 868 1178 et
884 1133 949 1195 ego
964 1111 1063 1191 rex,”
1079 1113 1189 1178 fertur
1205 1132 1279 1178 eam
1294 1115 1346 1178 sic

397 1216 616 1298 respondisse
644 1215 675 1278 ei
687 1233 695 1276 ε
708 1210 717 1225 “
731 1219 753 1248 “
767 1212 902 1297 Timeo,
926 1213 1076 1288 domine,
1087 1239 1089 1252 =
1102 1213 1194 1295 quod
1225 1231 1346 1277 sumus

398 1316 509 1380 effecti
532 1334 595 1378 rex
621 1321 656 1377 et
684 1313 817 1394 regina,
847 1312 938 1376 sicut
962 1311 1155 1376 efficiuntur
1181 1313 1278 1394 pueri
1310 1312 1346 1377 in
1455 1388 1462 1395 Ι

398 1414 490 1478 ludis
529 1411 791 1477 aestivalibus:”
833 1419 975 1512 propter
1011 1412 1098 1476 istas
1137 1431 1220 1493 ergo
1259 1412 1347 1476 duas

398 1532 536 1588 causae,
550 1513 644 1576 misit
660 1531 735 1576 eom
750 1531 811 1574 rex
827 1530 905 1574 cum
920 1511 1067 1576 honesta
1081 1511 1211 1574 familia
1227 1527 1348 1593 peren·

399 1612 584 1678 dicandam
598 1612 635 1674 in
644 1611 797 1674 manerio
809 1630 873 1675 suo
884 1611 927 1674 de
940 1610 1183 1694 Bruscew'ych,
1194 1618 1230 1673 et
1240 1611 1346 1692 jussit

263 1766 305 1804 ω,
328 1765 352 1793 ω
400 1731 476 1776 eam
508 1710 695 1775 honorifice
727 1711 927 1774 sustentari.
990 1709 1159 1774 Comitem
1190 1729 1272 1774 vero
1304 1710 1347 1774 de

238 1815 318 1894 0200?
339 1815 362 1894 ῗ·
400 1803 571 1887 'AseeheL¹
588 1809 648 1892 qui
657 1811 701 1872 eb
716 1810 785 1873 isto
795 1818 909 1874 castro
919 1809 1057 1891 fugerat
1065 1819 1102 1873 et
1116 1817 1196 1892 post
1207 1808 1345 1890 aliquod
1445 1853 1446 1858 η

241 3821 307 3862 Their
315 3789 376 3863 nnus

241 3873 327 3912 divided

240 3926 371 4013 mam

400 1910 620 1974 intervallum
637 1917 763 1991 captus
782 1909 908 1985 fuerat,
925 1927 1003 1973 cum
1018 1907 1139 1989 regina
1154 1907 1293 1989 Angliae
1311 1917 1347 1972 et

401 2010 502 2073 muiti
516 2017 698 2090 magnates
710 2015 872 2089 rogarent
881 2028 944 2090 pro
958 2027 999 2072 eo
1014 2008 1058 2074 ad
1074 2027 1190 2089 regem
1205 2027 1248 2070 ne
1265 2028 1346 2072 san·

401 2110 480 2190 guis
497 2101 634 2191 ‘ejus'²
658 2106 899 2184 effunderetur,
920 2126 983 2189 pro
1009 2126 1050 2171 eo
1077 2107 1168 2188 quod
1185 2107 1251 2171 suit
1265 2127 1345 2190 pro-

401 2208 518 2272 ximus
528 2226 655 2289 parens
666 2207 804 2270 domino
818 2207 889 2287 regi
904 2207 1053 2288 Angliae,
1060 2206 1167 2290 jussit
1177 2225 1239 2270 rex
1253 2206 1345 2271 Lon-

402 2306 513 2372 doniis
538 2306 663 2369 adduci
690 2316 725 2369 et
746 2307 882 2370 caeteris
895 2304 1141 2370 famosior*
1169 2306 1344 2388 suspendi.

402 2406 449 2472 Et
466 2406 549 2488 quia
562 2404 724 2469 seductor
740 2405 901 2468 inventus
916 2407 975 2487 qui
992 2405 1268 2487 consanguineus
1284 2425 1347 2469 ex·

400 2505 531 2580 titerat,
551 2504 717 2586 praecepit
732 2523 794 2567 rex
809 2512 888 2586 post
902 2505 1162 2587 suspensionem
1182 2504 1346 2571 decollari

400 2623 478 2672 enm
493 2610 530 2668 et
544 2602 709 2679 comburi,
724 2604 818 2683 quod
830 2603 960 2667 factum
978 2611 1044 2668 est.
1096 2600 1347 2668 christoforum

401 2711 515 2768 autem
532 2701 575 2766 de
590 2701 733 2777 Sethon,
748 2702 808 2783 qui
824 2721 977 2767 sororem
995 2703 1078 2766 novi
1092 2706 1187 2784 regis
1199 2703 1347 2768 duxerat

401 2803 537 2866 nomine
555 2801 715 2876 Marium,
729 2808 765 2865 et
781 2809 873 2865 esset
886 2800 1066 2884 Anglicus
1084 2821 1161 2865 cum
1178 2803 1215 2864 in
1232 2810 1347 2866 castro

401 2901 444 2966 de
459 2901 619 2966 Lochdor
633 2893 757 2982 captus
771 2909 875 2976 esset,
891 2908 926 2965 et
947 2908 1027 2982 post
1048 2920 1207 2983 uxorque
1226 2920 1292 2965 sna
1313 2909 1348 2966 et

400 3001 501 3066 multi
524 3000 595 3076 alii,
616 2999 725 3082 jussit
747 3020 811 3062 rex
836 3000 960 3064 adduci
983 3001 1076 3083 apud
1100 3001 1273 3064 Dunfrees
1288 3001 1347 3065 ubi

399 3100 544 3166 militem
559 3099 744 3175 occiderat,
758 3099 873 3181 ibique
891 3098 994 3176 trahi,
1009 3099 1173 3182 suspendi
1188 3106 1222 3164 et
1236 3100 1348 3164 decol-

399 3198 474 3265 lari.
527 3198 646 3264 Simile
662 3198 832 3281 judicium
852 3199 1046 3264 habuerunt
1059 3199 1129 3270 duo
1144 3198 1267 3262 fratrer
1282 3199 1348 3276 sui,

400 3305 436 3362 et
457 3318 574 3364 omnes
597 3298 656 3362 alii
670 3298 730 3380 qui
752 3298 855 3362 morti
874 3297 1002 3361 domini
1021 3296 1044 3362 J
1048 3297 1194 3363 ohannis
1213 3297 1348 3381 Gomyn

401 3403 651 3462 consenserunt
672 3403 708 3460 et
730 3396 981 3474 interfuerunt3
1006 3407 1042 3461 et
1065 3397 1131 3460 hoc
1145 3417 1190 3460 ex
1206 3397 1349 3479 speciali

401 3503 575 3576 praecepto
591 3495 692 3576 regis.
745 3495 899 3559 Uxorem
914 3515 997 3560 vero
1014 3494 1219 3560 christofori
1232 3497 1349 3578 posuit

402 3613 465 3658 rex
487 3595 524 3657 in
555 3593 764 3658 monasterio
788 3594 830 3660 de
853 3594 1011 3678 Thyxsel
1040 3597 1075 3658 in
1100 3595 1285 3677 Lindesay,
1314 3603 1349 3660 et

401 3691 508 3760 filiam
523 3693 605 3757 novi
621 3693 712 3773 regis
727 3695 844 3774 posuit
858 3695 893 3756 in
908 3695 1117 3760 monasterio
1132 3694 1175 3758 de
1190 3693 1348 3759 Watton.

401 3792 578 3874 Deditque
609 3791 766 3857 dominus
804 3813 868 3857 rex
900 3793 1039 3858 domino
1069 3791 1275 3858 Eadmundo
1304 3794 1348 3857 de

402 3892 602 3960 Malo-lacu
636 3891 826 3959 manerium
868 3893 911 3957 de
956 3893 1063 3956 Seton
1102 3893 1139 3956 in
1178 3892 1349 3976 Wyteby·

399 3992 532 4069 strand,
549 3992 731 4074 quoderat
748 3990 965 4068 Christofori,
988 4000 1023 4058 et
1038 3992 1125 4058 alias
1135 4010 1221 4056 sues
1238 4000 1352 4056 terras

435 4157 587 4210 ¹uunua¹
603 4160 704 4221 nimy,
737 4159 802 4210 nau
837 4157 867 4208 of
919 4153 1275 4208 ’Omiteuinrusmnsu

399 4229 486 4278 Athol.
920 4219 930 4249 ³
946 4228 1147 4298 “excellentiorl
1158 4227 1217 4280 MS.
1229 4228 1324 4279 Lansd.
