3126 4986
411 493 583 540 wicram
609 493 656 538 nn
680 493 962 542 usurucsuacn.
1122 481 1167 544 59
1259 459 1262 466 ’

207 653 376 716 haherent
400 649 574 714 modicum
598 649 680 726 vini,
702 650 763 714 vix
789 651 892 714 unius
918 649 1073 731 lagenae¹
1089 671 1166 717 cos·
1191 669 1315 759 {⁶553}

208 751 361 827 trellum,
377 748 471 832 quod
491 768 555 830 pro
573 767 654 829 rege
680 749 817 812 salvare
836 749 1073 828 decreverant,
1097 771 1167 816 non
1180 773 1328 782 -ffl

209 851 388 933 adquievit
409 850 484 931 ipse
507 867 584 923 rex,
601 847 661 912 sed
687 848 747 924 ait,
772 848 935 912 “Omnia
958 850 994 913 in
1018 852 1166 915 necessi·

209 957 283 1014 tate
310 950 437 1012 debent
463 965 538 1012 esse
565 947 773 1023 communia,
798 955 834 1011 et
858 968 977 1012 omnes
1003 969 1109 1014 unam
1132 957 1168 1015 et

209 1050 358 1114 similem
379 1049 507 1112 dietam
533 1047 706 1129 patiemur
727 1066 908 1130 quousque
922 1049 1087 1130 respiciat
1103 1069 1167 1114 nos

208 1149 284 1231 ipse
298 1148 396 1212 Deus
420 1149 464 1209 ab
486 1146 571 1222 alto,
589 1165 652 1209 nec
675 1145 846 1227 praeficiar
861 1146 959 1211 vobis
976 1149 1012 1211 in
1027 1166 1090 1217 esu
1107 1150 1168 1230 qui

209 1247 458 1312 coarctationis
488 1245 588 1308 istius
618 1245 717 1326 origo
743 1251 779 1308 et
805 1264 914 1308 causa
942 1263 1018 1310 sum
1032 1247 1068 1321 ;''
1097 1247 1167 1312 cito

210 1357 327 1410 autem
358 1352 439 1427 post
466 1343 621 1407 visitavit
647 1342 745 1408 Deus
775 1344 994 1425 omnipotens
1027 1365 1100 1422 eos,
1132 1354 1168 1410 et

209 1444 490 1510 decrescentibus
517 1443 629 1523 aquis,
656 1443 751 1507 venit
778 1443 823 1506 ad
849 1463 965 1525 regem
991 1445 1166 1510 exercitus

211 1553 307 1611 totus
333 1552 369 1608 et
395 1543 463 1625 ipsi
491 1541 689 1605 Wallenses
718 1542 755 1604 in
792 1542 909 1624 fugam
940 1543 1031 1607 versi
1060 1543 1167 1608 sunt.2

211 1645 302 1708 Post
327 1642 457 1706 multos
478 1648 594 1705 autem
619 1649 765 1705 eventus
794 1649 829 1705 ct
851 1643 1035 1706 conflictus
1050 1645 1165 1708 varios
1179 1663 1307 1704 maweu

210 1746 247 1808 in
280 1751 415 1808 tantum
443 1740 639 1805 Wallenses
671 1747 753 1804 sunt
787 1741 913 1822 agitati
949 1749 985 1806 et
1018 1744 1165 1820 astricti,
1178 1714 1283 1754 ‘mm

211 1843 306 1926 qnod
341 1841 455 1904 missis
484 1846 520 1904 et
544 1840 699 1902 remissis
724 1840 854 1904 nuntiis
886 1842 962 1923 ipse
989 1841 1165 1906 Maddoch
1186 1879 1213 1917 Δ,
1222 1879 1249 1917 D,
1260 1880 1321 1918 mr.

209 1963 291 2008 cum
308 1943 381 2004 suis
397 1939 442 2003 ad
459 1958 580 2022 pacem
604 1939 697 2020 regis
712 1939 885 2003 admissus
907 1949 972 2016 est,
993 1942 1058 2004 sub
1083 1960 1164 2005 cou-
1178 1944 1312 2044 igme*

210 2043 342 2106 ditione
365 2048 483 2103 tamen
500 2038 563 2103 tali
587 2038 680 2120 quod
698 2040 847 2103 alterum
863 2039 996 2103 scilicet
1014 2040 1166 2121 Murgan

210 2146 480 2224 prosequeretur
492 2146 527 2201 et
542 2144 693 2219 caperet,
709 2145 745 2202 et
759 2137 850 2202 insra
876 2145 1008 2202 certum
1026 2146 1166 2222 tempus

210 2242 309 2322 regio
325 2239 455 2303 carceri
469 2237 696 2318 manciparet.
750 2236 853 2314 Quod
869 2238 1007 2320 quidem
1025 2244 1165 2320 pactum

211 2340 323 2404 tenuit
348 2346 384 2404 et
411 2337 503 2413 fecit,
530 2345 564 2400 et
585 2337 724 2418 plenam
748 2356 872 2424 pacem
900 2337 1047 2419 adeptus
1076 2336 1165 2418 θεῖς’

210 2439 414 2521 acceptique
444 2441 525 2499 sunt
555 2436 694 2499 obsides
726 2436 827 2499 multi
862 2435 905 2500 de
938 2437 1164 2501 nobilioribus
1176 2467 1218 2505 ms
1227 2466 1287 2515 gives

211 2540 320 2603 totius
346 2536 497 2612 Walliae,
535 2542 571 2598 et
604 2535 700 2598 missi
732 2542 816 2598 sunt
850 2536 887 2598 in
917 2534 1081 2618 Angliam
1120 2536 1164 2600 ad
1176 2517 1283 2567 hm*

210 2638 349 2702 diversa
372 2643 489 2700 castra
514 2641 554 2698 ut
582 2635 838 2698 custodirentur
854 2635 890 2697 in
907 2636 957 2698 eis
983 2636 1164 2718 usquead

247 2923 255 2952 ¹
271 2923 325 2971 The
343 2921 461 2983 capacity
477 2919 507 2968 ol
522 2919 566 2968 the
581 2919 674 2980 lagena
735 2916 746 2946 ¹
764 2920 852 2968 Itwas
860 2921 886 2967 in
895 2920 947 2968 this
956 2920 1103 2980 expedition
1110 2919 1165 2968 that

211 2993 235 3041 is
255 2992 316 3041 thus
336 2993 411 3054 given
432 2992 459 3038 in
482 3004 515 3037 an
537 2988 629 3037 Assize
648 2989 677 3036 of
700 2989 814 3038 Edwsrd
822 2989 928 3037 ordered
941 2989 976 3036 all
987 2988 1030 3036 the
1038 2990 1126 3037 woods
1137 2989 1164 3036 in

211 3062 309 3123 David,
328 3061 399 3123 King
417 3060 447 3109 os
466 3058 597 3119 Scotland‚
616 3073 674 3107 con·
699 3059 786 3108 Wales
797 3063 823 3106 to
833 3059 865 3107 he
875 3062 920 3106 cut
935 3058 1012 3106 down
1022 3061 1048 3106 to
1059 3061 1164 3118 prevent

211 3132 315 3192 ceming
333 3130 442 3192 weights
462 3129 513 3177 and
534 3142 673 3178 mensures.
699 3128 742 3180 the
753 3143 841 3190 enemy
853 3128 930 3188 using
947 3126 1016 3174 them
1032 3139 1062 3175 as
1076 3127 1164 3188 places

211 3201 266 3250 The
288 3201 380 3262 lagena
403 3198 495 3248 should
517 3198 549 3246 be
567 3198 674 3259 capable
699 3198 729 3248 ol
736 3201 838 3246 retreat.

212 3270 242 3318 of
266 3271 413 3330 containing
447 3267 540 3317 twelve
574 3267 674 3328 pounds

213 3339 243 3388 os
259 3345 347 3402 water,
366 3339 424 3387 four
445 3338 547 3400 pounds
570 3336 599 3386 os
619 3351 675 3386 sea·
736 3339 746 3370 θ
770 3334 885 3386 Oaradoc
905 3334 934 3382 os
948 3333 1107 3382 Llancarvan
1125 3346 1165 3381 re-

213 3414 302 3470 water,
322 3407 427 3458 loures
446 3411 566 3470 stagnant
585 3410 675 3466 water,
699 3407 765 3455 lates
774 3405 829 3454 that
838 3405 879 3452 the
889 3404 952 3465 king
963 3403 1057 3464 having
1067 3406 1165 3451 return·

213 3480 263 3526 and
285 3479 342 3527 four
363 3479 392 3526 of
415 3492 488 3539 pure.
535 3477 574 3524 Its
596 3475 675 3536 depth
700 3477 733 3525 ed
751 3477 804 3524 into
826 3475 953 3537 England‚
971 3473 1065 3523 Madoc
1088 3473 1165 3535 again

212 3549 303 3597 should
320 3548 351 3596 be
362 3548 403 3596 six
415 3547 502 3596 inches
518 3545 568 3594 and
586 3545 676 3606 ahalf,
701 3545 822 3609 gutheard
830 3545 911 3593 round
919 3544 959 3594 his
968 3544 1088 3593 standard
1096 3557 1165 3592 some

212 3619 246 3666 its
257 3617 363 3666 breadth
374 3623 401 3666 at
414 3617 456 3665 the
468 3617 521 3664 foot
533 3615 626 3664 should
643 3615 675 3662 he
700 3616 794 3677 patriot
810 3614 900 3677 forces,
916 3614 966 3663 and
983 3613 1103 3662 obtained
1121 3627 1165 3660 va-

212 3688 282 3749 eight
300 3687 387 3736 inches
405 3686 455 3734 and
477 3684 567 3747 a·hall,
585 3683 676 3746 taking
700 3687 770 3735 rions
788 3699 919 3733 successes
936 3685 1037 3745 against
1054 3682 1097 3731 the
1114 3681 1167 3729 En·

211 3756 254 3805 the
276 3757 407 3805 thickness
428 3755 458 3804 os
480 3755 524 3804 the
545 3754 621 3804 wood
643 3769 674 3802 on
701 3755 778 3817 glish,
792 3755 904 3804 hutwas
919 3755 1008 3803 atlast
1022 3751 1101 3801 taken
1113 3752 1167 3812 pri·

212 3826 293 3874 either
314 3826 385 3886 side;
409 3830 437 3874 at
456 3824 499 3873 the
522 3823 612 3886 higher
630 3838 675 3872 ex·
701 3840 775 3874 soner
788 3825 815 3872 in
827 3827 901 3885 1295,
914 3828 941 3871 at
954 3837 971 3871 a
984 3823 1063 3870 battle
1075 3819 1166 3881 fought

211 3896 313 3957 tremity
324 3897 345 3944 it
357 3893 449 3944 should
460 3907 576 3943 measure
588 3895 614 3941 in
626 3893 675 3942 cir·
700 3909 768 3956 upon
780 3894 822 3942 the
834 3893 894 3942 hille
902 3891 1000 3940 oiOel'n
1008 3889 1115 3951 Digolh‚
1123 3893 1167 3936 not

212 3965 369 4014 cumference
380 3968 566 4024 twenty-seren
578 3962 676 4024 incher,
700 3964 740 4013 far
756 3964 819 4011 from
831 3963 922 4011 Camrs
933 3960 1031 4019 Oastle,
1042 3958 1093 4006 and
1110 3961 1167 4004 sent

211 4036 261 4083 and
279 4039 306 4082 at
328 4034 370 4084 the
389 4034 469 4082 lower
487 4033 674 4094 twenty-three.
700 4038 726 4082 to
748 4032 853 4080 London
869 4029 954 4077 where
977 4028 1009 4076 he
1028 4039 1084 4074 was
1107 4040 1165 4073 con-

209 4105 264 4154 The
280 4105 375 4166 lagena
385 4117 441 4152 was
453 4103 596 4164 alsoadry
608 4117 676 4150 mea·
700 4099 808 4152 demned
831 4103 857 4148 to
880 4095 1014 4157 perpetual
1033 4094 1166 4155 imprison·

210 4188 279 4234 sure,
288 4189 317 4222 as
325 4189 365 4223 we
377 4173 440 4222 read
451 4173 481 4221 of
493 4174 513 4221 it
528 4173 554 4221 in
568 4186 675 4222 connec-
701 4177 769 4221 ment
783 4171 809 4218 in
824 4168 866 4216 the
877 4169 978 4215 Tower.

208 4244 261 4292 tion
272 4244 335 4292 with
347 4259 406 4293 corn
419 4243 470 4291 aud
481 4244 574 4292 butter.
