3138 4988
396 451 462 517 270
765 461 977 515 eunomiam

242 641 333 682 rond
343 643 374 685 11.
398 644 555 703 uxorem,
588 626 707 691 eodem
730 624 862 689 scilicet
884 644 977 689 anno
1003 624 1143 689 Domini
1175 642 1347 690 mecevu.

233 692 375 822 ssgm‘
397 726 520 809 quinto
544 725 712 789 kalendas
742 723 932 802 Februarii,
956 744 1035 807 quae
1062 724 1243 788 Dominica
1272 725 1345 789 dies

233 823 327 864 Μ·
396 831 483 888 erat.
525 823 751 905 Reduxitque
766 842 841 887 cam
857 825 893 886 in
905 821 1094 904 Angliam,¹
1111 829 1147 887 et
1159 832 1345 887 coronatus

232 895 362 987 {ihm-e
395 922 472 988 est²
487 941 565 986 cum
577 943 619 988 ea
629 922 818 988 Londoniis
830 929 910 1005 post
923 941 1087 998 mensem,
1099 929 1201 987 sexto
1213 923 1345 986 scilicet

232 995 359 1091 gemti..
396 1021 565 1086 kalendas
588 1021 721 1098 Martii,
740 1041 819 1103 quae
842 1027 917 1085 erat
946 1020 1142 1098 Dominica,
1166 1027 1202 1084 et
1218 1020 1341 1086 festum

233 1094 327 1184 iiiiii!
396 1119 668 1185 Sanetilliathiee
680 1120 842 1203 apostoli,
851 1118 1051 1184 laetantibus
1062 1126 1097 1183 et
1106 1120 1344 1184 exultantibus

233 1231 326 1271 nor..
396 1219 534 1302 populis
552 1220 732 1302 utriusque
747 1226 861 1282 terrae.
911 1217 1090 1299 Factaque
1112 1218 1342 1296 solemnitate,

232 1281 336 1371 iffi·
396 1319 489 1383 misit
517 1337 580 1382 rex
602 1317 823 1400 magnatibus
846 1317 917 1380 suis
940 1323 979 1381 ut
1001 1318 1222 1381 convenirent
1250 1318 1342 1400 apud

395 1417 753 1492 Westmonasterium,
793 1417 977 1480 tractaturi
1011 1424 1046 1479 et
1078 1415 1271 1480 ordinaturi
1306 1418 1343 1480 in

396 1515 507 1580 tribus
522 1515 689 1592 articulis,
700 1515 743 1578 de
758 1520 853 1578 statu
867 1515 1000 1579 scilicet
1014 1515 1182 1592 ccclesiae,
1193 1533 1272 1597 quae
1288 1536 1342 1579 re·

395 1616 538 1678 truactis
556 1615 769 1697 temporibus
786 1615 898 1678 iverat
915 1614 951 1676 in
968 1614 1161 1693 declivum3
1187 1613 1229 1676 de
1247 1621 1341 1678 statu

394 1731 532 1776 coronae
543 1713 700 1795 quamde
710 1731 801 1777 novo
816 1722 1024 1795 sumpserat,
1035 1712 1207 1794 quomodo
1220 1733 1341 1777 secun—

394 1810 476 1875 dum
491 1812 604 1876 Deum
623 1819 659 1876 et
669 1812 844 1896 justitiam
858 1811 998 1877 deberet
1016 1812 1222 1893 gubernari3
1249 1821 1283 1876 et
1298 1813 1341 1876 de

394 1929 480 1992 pace
493 1919 607 1988 terrae,
623 1911 795 1994 quomodo
808 1909 948 1974 deberet
963 1910 999 1974 in
1012 1910 1142 1993 populo
1153 1911 1340 1975 observari.

395 2008 533 2087 Quibus
549 2010 690 2088 auditis,
707 2009 885 2092 respondit
906 2009 965 2073 ille
988 2010 1113 2074 nobilis
1129 2009 1339 2086 consiliator,

394 2127 509 2172 comes
538 2108 739 2186 Lincolniae,
766 2109 827 2190 qui
854 2127 932 2172 esse
954 2109 1111 2172 ‘solebat
1124 2106 1160 2142 '³
1180 2109 1340 2191 capitalis

394 2207 611 2271 consiliarius
649 2208 741 2290 regis
779 2207 917 2283 mortui,
961 2207 1204 2272 “Benedictus
1244 2208 1340 2272 Deus

394 2306 558 2388 optimus,
582 2308 642 2389 qui
670 2313 749 2389 post
781 2325 899 2388 regem
927 2306 1220 2388 sapientissimum
1248 2306 1343 2370 dedit

394 2405 493 2468 nobis
506 2405 712 2487 principium
728 2406 809 2468 boni
818 2405 931 2485 regis;
954 2413 989 2470 et
1003 2405 1082 2487 quis
1095 2405 1219 2488 estqui
1231 2406 1266 2469 in
1280 2405 1342 2469 tali

395 2503 558 2567 mandato
578 2523 646 2566 non
670 2503 841 2566 delectati
863 2512 956 2567 certe
982 2504 1017 2566 in
1040 2503 1169 2568 talibus
1191 2503 1341 2585 gaudere

393 2601 568 2678 debemus,
584 2609 620 2666 et
637 2602 681 2665 ad
698 2601 960 2684 completionem
978 2603 1122 2666 istorum
1138 2603 1242 2666 trium
1259 2604 1341 2668 arti·

393 2700 549 2763 culorum
561 2708 636 2766 tota
644 2701 769 2764 mentis
779 2702 969 2765 intentione
977 2702 1341 2783 insisterevigilanter.

395 2796 500 2862 Nunc
514 2807 629 2864 autem
650 2799 680 2863 si
703 2789 873 2881 placuerit
890 2801 981 2882 qnod
1003 2800 1240 2883 respondeam,
1255 2820 1340 2884 rogo

393 2904 433 2961 ut
463 2897 642 2963 eleventur
664 2917 788 2963 manus
811 2900 856 2962 ad
881 2899 995 2963 Deum
1023 2902 1067 2963 ab
1093 2899 1157 2963 hiis
1185 2900 1341 2964 omnibns

394 2996 519 3079 quibus
530 2998 796 3080 mearesponsio
807 2997 1024 3062 rationabilis
1036 2998 1206 3062 videatur.
1251 2999 1341 3062 Ecce

393 3095 561 3161 carissimi
584 3097 663 3173 mei,
678 3097 709 3160 si
730 3097 887 3161 laborare
904 3096 1068 3161 debemus
1086 3105 1122 3162 et
1142 3097 1197 3161 hic
1223 3117 1339 3180 sump-

394 3202 494 3259 tuose
512 3196 652 3272 morari,
668 3196 810 3278 expedit
832 3204 872 3260 nt
893 3196 992 3260 labor
1013 3203 1131 3260 noster
1145 3197 1197 3260 sic
1210 3196 1339 3260 sructu-

392 3311 475 3357 osns
492 3295 538 3359 sit
559 3303 599 3359 ut
620 3294 854 3377 permaneat.''
907 3293 952 3358 Et
973 3294 1127 3376 dirigens
1145 3294 1279 3360 vultum
1296 3295 1339 3359 cd

392 3393 550 3467 nuncios,
577 3395 648 3457 ait:
676 3398 699 3428 “
713 3393 818 3458 Nunc
846 3400 962 3458 autem
988 3395 1138 3476 petimus
1164 3395 1256 3476 quod
1278 3393 1340 3458 do·

393 3491 505 3552 minus
521 3497 639 3554 noster
654 3509 715 3555 rex
733 3491 863 3573 scripto
879 3492 1057 3556 confirmet
1074 3491 1166 3574 quod
1181 3511 1226 3555 ex
1243 3500 1341 3575 parte

392 3587 501 3670 ipsius
518 3608 577 3652 ore
594 3588 800 3670 protulistis
816 3609 855 3654 se
876 3591 1008 3655 scilicet
1027 3600 1141 3656 ratum
1163 3592 1289 3655 habere
1306 3601 1341 3655 et

391 3685 526 3749 firmum
536 3687 699 3770 quicquid
715 3688 750 3750 in
762 3691 959 3770 praemissis
973 3691 1163 3772 inspirante
1179 3691 1341 3767 Domino,

427 3877 436 3908 ¹
446 3879 518 3939 They
530 3878 625 3927 lauded
635 3884 662 3926 at
673 3878 769 3940 Dover,
781 3879 858 3927 Wed-
882 3879 924 3928 the
935 3881 1080 3928 coronation
1090 3880 1158 3940 cath,
1169 3877 1253 3928 which
1270 3881 1344 3930 latter

390 3950 496 4010 nesday,
513 3948 643 4009 February
661 3952 685 3996 7.
723 3950 780 3998 aot.
800 3949 856 3999 Fin.
882 3950 1018 3997 document
1031 3950 1117 3997 rnerits
1134 3950 1250 4010 peeuliar
1264 3955 1344 3998 atten-

392 4019 494 4068 lEdw.
506 4018 544 4067 11.
555 4033 589 4066 m.
601 4022 626 4067 9.
881 4020 943 4079 tion,
955 4019 1030 4080 being
1040 4018 1083 4066 the
1099 4019 1202 4067 earliest
1216 4020 1343 4080 specimen

395 4142 397 4148 ,
425 4085 506 4137 l‘l'he
525 4089 671 4137 coronation
693 4088 739 4135 roll
758 4087 787 4136 oi
805 4088 856 4137 this
881 4088 910 4136 oi
916 4088 959 4136 the
970 4088 1033 4136 kind
1045 4102 1085 4136 we
1096 4101 1206 4148 possess.

392 4157 462 4218 King
479 4158 502 4206 is
518 4158 618 4218 printed
635 4159 661 4206 in
680 4157 784 4218 Rymer,
796 4157 854 4205 Foe·
914 4153 1103 4216 ’‘scribebat'
1120 4156 1195 4206 MSS.
1214 4156 1245 4206 Ο.
1264 4156 1294 4208 C.
1311 4157 1341 4210 C.

390 4226 462 4287 dena,
473 4227 501 4273 ii.
514 4229 546 4274 ³3
556 4231 581 4275 et
592 4241 650 4289 seq„
667 4225 781 4287 together
791 4226 853 4275 with
881 4225 955 4276 Cant.
969 4229 1025 4287 1⁰0,
1036 4227 1087 4274 and
1099 4224 1166 4276 0011.
1177 4227 1247 4278 Tria.
