3138 4988
416 468 588 516 wnurnru
613 469 660 516 nn
683 467 966 517 unuiucsuacu.
1096 453 1161 516 267

210 634 346 692 caretur
374 626 418 692 ad
446 633 563 709 partes
589 626 772 704 australes,
798 634 1021 709 maneretque
1044 625 1081 690 in
1104 645 1159 690 ec-
1186 640 1314 731 ffgfpsgi

211 727 315 792 clesia
337 725 577 808 religiosorum
593 726 637 790 de
657 725 834 791 Waltham
853 725 963 790 denec
985 725 1327 790 ordinare-“-

210 832 268 890 tur
281 832 412 890 certum
435 825 478 890 de
500 833 594 891 terra
609 825 748 902 Scotiae,
766 833 802 889 et
820 832 960 890 vacaret
977 823 1027 890 eis
1044 826 1160 890 inteu-

209 925 291 990 dere
303 923 512 1006 sepulturee3
535 923 733 1008 factumque
747 931 801 990 est
811 925 871 990 ita.
910 924 1161 1007 Remausitque
1172 938 1303 1028 ¹³11«de-

211 1043 322 1089 novus
341 1043 417 1100 rex,
434 1029 471 1089 et
493 1023 586 1105 cepit
607 1023 770 1106 homagia
793 1030 829 1088 et
854 1023 1039 1090 fidelitates
1061 999 1314 1130 mag·{{⁶⁸g⁰2⁶}{l⁸

210 1131 343 1198 natum,
385 1129 421 1186 et
458 1122 500 1187 de
541 1142 660 1188 eorum
700 1123 846 1186 consilio
888 1122 1062 1205 profectus
1104 1132 1161 1188 est
1293 1115 1299 1128 '

211 1241 321 1303 usque
340 1219 580 1299 Rokeshurch,
596 1228 632 1286 et
647 1221 695 1286 ibi
713 1222 804 1303 cepit
819 1220 981 1302 homagia
999 1229 1034 1287 et
1051 1221 1160 1288 fideli·

211 1328 302 1386 tates
339 1321 526 1384 multorum
554 1329 758 1402 magnatum
787 1321 884 1402 regni
916 1320 1067 1401 Scotiae3
1103 1341 1158 1386 or·

211 1419 411 1502 dinavitque
437 1419 598 1488 custodes
625 1420 661 1486 in
685 1417 829 1496 Scotia,¹
854 1425 889 1484 et
911 1438 1071 1486 reversus
1093 1427 1157 1486 est.

210 1519 407 1602 Tenuitque
429 1519 693 1602 parliamentum
714 1539 816 1583 suum
834 1516 925 1601 apud
944 1517 1158 1602 Northamp·
1171 1528 1314 1579 Helearc-

211 1625 328 1683 tunam
355 1618 391 1681 in
418 1618 592 1701 quindena
614 1617 734 1684 Sancti
762 1617 957 1694 Michaelis,
985 1618 1044 1681 ubi
1072 1579 1298 1700 pra-hiim

211 1718 304 1800 cepit
328 1725 364 1780 et
384 1718 510 1805 statuit
534 1717 667 1782 firmam
691 1737 811 1800 pacem
834 1717 967 1780 servari
988 1717 1023 1780 in
1050 1737 1157 1800 regno
1170 1678 1306 1769 dd'ddd‘y'

210 1835 275 1880 suo
305 1825 391 1893 toto,
419 1825 454 1881 ct
478 1816 569 1899 quod
598 1824 769 1884 statutum
797 1815 1027 1893 Wiucestriae,
1052 1836 1159 1897 super

210 1916 384 1981 communi
400 1935 487 1998 pace
510 1916 654 1992 editum,
671 1916 707 1979 in
728 1916 887 1980 omnibus
910 1914 983 1979 suis
1002 1915 1158 1979 articulis

210 2021 419 2078 servaretur.
447 2015 631 2079 Ordinavit
642 2035 781 2098 quoque
793 2014 883 2078 diem
896 2013 1085 2098 sepulturae
1094 2033 1157 2097 pa·
1170 2025 1289 2065 1³de-

210 2115 273 2178 tris
283 2115 349 2192 sui,
359 2114 450 2178 diem
462 2114 595 2180 scilicet
606 2113 754 2181 Veneris
765 2114 922 2196 proxime
937 2121 1019 2178 ante
1030 2113 1157 2178 festum
1170 2075 1307 2164 Wadi*

210 2213 373 2277 Omnium
419 2213 646 2293 Sanctorum3
692 2213 734 2278 ad
775 2233 880 2295 quam
924 2220 1159 2276 convenerunt
1169 2174 1282 2264 gildi-⁶⁸
1282 2185 1302 2224 '’

209 2312 309 2377 multi
334 2321 516 2394 magnates
545 2313 725 2394 utriusque
753 2320 854 2376 terrae
881 2318 916 2375 ct
940 2311 1156 2375 diversarum

207 2413 397 2494 reglonum.
453 2411 709 2494 Requievitqne
743 2429 869 2493 corpus
906 2411 1018 2493 prima
1056 2418 1157 2475 nocte

208 2513 244 2574 in
262 2511 408 2575 ecclesia
425 2511 563 2574 Sanctae
581 2509 775 2587 Trinitatis
791 2510 943 2575 secunda
959 2528 1040 2575 vere
1056 2518 1156 2574 nocte

209 2611 244 2673 in
268 2610 416 2674 ecclesia
443 2610 536 2674 beati
565 2608 681 2688 Pauli,
706 2616 742 2673 et
768 2610 872 2675 tertie
897 2607 953 2672 die
976 2608 1155 2673 defereba-

209 2717 266 2774 tur
282 2709 326 2772 ad
346 2709 509 2772 ecclesias
531 2708 676 2772 fratrum
692 2708 869 2773 Minorum
888 2715 923 2772 et
943 2707 1156 2773 Praedicato-

208 2828 296 2885 rum,
311 2808 369 2870 uhi
384 2808 498 2871 missis
514 2807 655 2884 auditis,
667 2807 858 2872 ducebatur
873 2808 909 2871 in
925 2826 1027 2870 curru
1045 2807 1089 2871 ad
1104 2807 1156 2873 lo·

208 2926 287 2970 cum
305 2925 405 2969 suurn
421 2906 780 2983 westmonasterium,
799 2907 857 2970 ubi
874 2907 911 2969 in
931 2907 1119 2969 crastinum
1135 2926 1157 2970 a

209 3005 361 3089 quinque
372 3004 699 3086 episcopisquinque
711 3005 835 3068 mlesas
845 3003 967 3068 habuit
976 3003 1157 3082 solemnes„

209 3112 337 3186 praeter
358 3104 498 3166 missam
521 3102 707 3167 cardinalis
727 3103 923 3184 Hispaniae,
940 3101 999 3183 qui
1021 3122 1156 3166 summo

208 3223 308 3267 mane
324 3221 387 3283 pro
402 3221 443 3265 eo
458 3200 657 3265 celebravit.
706 3202 997 3265 Ultimamautem
1015 3200 1155 3265 missam

207 3301 395 3367 celebravit
421 3299 618 3382 patriarcha
652 3299 675 3363 J
678 3300 967 3376 erosolimitanns,
990 3300 1050 3381 qui
1081 3307 1156 3364 erat

206 3399 464 3467 Dunolmensis
490 3399 684 3482 episcopua,
716 3407 751 3463 et
784 3397 932 3463 officium
969 3398 1156 3482 sepulturae

206 3499 351 3584 peregit.
397 3499 578 3580 Erantque
605 3497 753 3563 ministri
779 3498 855 3582 ejus
884 3498 928 3562 ad
952 3498 1062 3562 altare
1087 3498 1155 3562 duo

203 3728 257 3776 Τὴο
279 3726 390 3788 prelatas
411 3726 440 3774 os
460 3725 511 3774 this
532 3739 576 3774 see
598 3740 666 3774 were
690 3725 768 3774 dated
786 3729 813 3775 at
833 3725 961 3788 Tinwnld,
986 3727 1091 3788 August
1113 3729 1154 3774 ³⁰.

136 3846 138 3850 Α
204 3797 272 3847 often
283 3795 367 3858 styled
383 3795 523 3856 “episcopi
534 3794 666 3844 Cestriae”
691 3795 793 3857 Rymer,
800 3794 918 3856 Foedera,
925 3795 952 3844 ii.
960 3799 985 3844 4.
1009 3795 1051 3843 He
1060 3794 1157 3855 shortly

205 3869 240 3927 by
255 3865 298 3914 the
309 3866 410 3914 ancient
424 3865 533 3925 writers,
547 3865 612 3913 until
623 3865 666 3912 the
690 3864 755 3912 alter
776 3863 895 3926 resigned
919 3863 959 3913 his
987 3864 1157 3924 commissiou,

205 3936 316 3985 erectiou
327 3934 356 3982 of
362 3934 404 3982 the
416 3934 491 3982 latter
502 3933 575 3994 place
586 3934 667 3982 intua
691 3932 774 3981 which
801 3947 855 3980 was
881 3932 942 3981 then
966 3931 1098 3980 conferred
1124 3946 1157 3979 on

205 4003 378 4065 blshopricby
390 4003 479 4062 Henry
490 4002 569 4051 VIII.
690 4001 768 4062 John,
798 4001 859 4050 Earl
886 4001 915 4049 os
946 4001 1096 4062 Richm0nd,
1122 4001 1158 4061 by

241 4072 248 4104 ¹
265 4073 319 4122 The
331 4073 402 4134 King
412 4070 550 4131 appointed
563 4070 669 4130 Aylmer
693 4070 751 4117 writ
761 4071 789 4119 oi
805 4070 884 4130 Privy
897 4071 965 4133 Seal,
976 4070 1080 4131 bearing
1096 4069 1157 4118 date

204 4140 495 4203 deanenceguardian
512 4139 562 4188 and
579 4140 667 4187 lieute·
692 4139 839 4200 September
850 4143 890 4188 13.
924 4136 1157 4202 Rymer,Foedera,

203 4218 265 4262 naut
275 4212 304 4260 oi
312 4211 431 4261 scotland
443 4210 476 4270 by
484 4210 570 4258 letters
583 4212 668 4270 potent
692 4209 720 4259 ii.
732 4212 758 4257 o.
