3126 4986
418 486 589 536 warmunt
612 487 660 534 DE
683 487 708 534 H
713 486 969 535 nulsesuscn.
1126 471 1172 536 73

215 642 434 706 suburbanas
460 644 715 722 accendebant3
751 641 802 707 ita
824 643 918 726 qnod
946 643 982 707 in
1014 643 1093 726 ipso
1115 643 1170 706 die
1193 661 1321 750 {⁶3⁸5}ss

216 740 240 805 J
243 742 319 804 ovis
341 749 454 806 totum
469 745 569 824 quasi
588 743 790 806 suburbium
804 761 915 807 vorax
934 742 1075 806 flamma
1089 763 1171 807 con·
1183 761 1334 834 {vg-is*

217 841 378 923 sumpsit.
430 842 498 906 Die
522 849 637 906 autem
667 841 828 919 Venerist,
854 861 933 906 cum
958 843 1077 906 urbem
1101 842 1288 905 sor-⁰⁸⁰⁰”u

218 939 387 1004 tissimum
424 940 535 1005 nostri
568 938 826 1023 ‘expugnare'¹
853 960 922 1004 non
951 947 1105 1022 possent,
1130 961 1171 1005 eo

219 1039 312 1119 quod
346 1039 480 1121 ligneas
515 1040 692 1104 machinas
717 1059 788 1104 non
816 1039 995 1117 haberent,
1027 1039 1172 1122 profecti

219 1146 303 1202 sunt
338 1157 450 1222 usque
489 1139 637 1221 Langon
668 1138 762 1202 ultra
796 1137 979 1223 ‘Ryons'²
1007 1158 1070 1221 per
1101 1146 1172 1202 tres

219 1237 348 1315 leucas,
391 1239 451 1302 ubi
487 1237 647 1302 donimus
674 1237 767 1301 villae
805 1237 960 1320 ejusdem
987 1239 1024 1302 in
1053 1256 1171 1309 eorum

221 1335 383 1416 adventu,
418 1336 563 1402 Francis
592 1337 766 1418 effugatis,
799 1336 942 1401 tradidit
970 1338 1020 1400 eis
1053 1337 1170 1400 villam

219 1433 376 1514 liberam,
393 1445 429 1501 et
442 1436 567 1502 moreti
580 1445 662 1500 sunt
687 1435 813 1499 ibidem
836 1456 897 1519 per
920 1445 991 1500 tres
1008 1435 1094 1513 dies,
1109 1437 1174 1500 mi·

222 1542 411 1618 seruntque
436 1535 575 1600 interim
605 1535 650 1599 ad
682 1534 849 1599 Sanctum
878 1535 1109 1612 Maubarium,
1133 1544 1173 1600 ut

222 1634 341 1698 villam
356 1634 550 1701 redderent.
596 1634 647 1699 At
669 1634 733 1711 illi,
748 1634 866 1717 petitis
882 1644 916 1698 et
932 1635 1083 1698 obtentis
1112 1633 1173 1699 tri·

219 1731 382 1798 duelibns
406 1734 565 1811 induciiS,
581 1734 749 1798 miserrmt
765 1733 1000 1814 Burdegalim,
1015 1740 1056 1798 ut
1070 1735 1170 1800 anxi·

221 1832 305 1895 lium
333 1834 521 1911 mitterent,
545 1841 592 1911 et,
620 1840 762 1914 eccepto
789 1852 954 1914 responso
986 1833 1079 1914 quod
1103 1853 1172 1897 non

222 1941 377 2014 possent,
402 1932 616 1997 tradiderunt
641 1951 679 1996 se
704 1933 832 1996 nostris
856 1939 892 1996 et
915 1931 1032 1995 villam
1058 1931 1172 1996 reddi-

222 2031 357 2095 derunt.
410 2031 615 2097 Castrenses
653 2039 769 2096 tamen
796 2037 980 2095 tenuerunt
1007 2037 1172 2109 castrum,

222 2137 259 2194 et
274 2131 406 2196 obsessi
430 2139 511 2196 sunt
536 2151 558 2196 a
584 2131 711 2196 nostris
727 2130 838 2207 tribus
864 2129 1076 2206 ebdomadis,
1104 2149 1172 2194 non

222 2237 339 2296 tamen
360 2231 561 2313 expugnati.
614 2231 758 2295 Interim
777 2249 859 2293 vero
875 2236 1045 2293 venerunt
1071 2229 1172 2311 quin·

222 2348 291 2412 que
319 2332 509 2412 burgenses
538 2328 817 2412 Burdogalenses
840 2328 885 2393 ad
907 2326 1083 2392 dominnm
1102 2327 1172 2396 Ed·

223 2429 402 2506 mundum,
440 2429 624 2513 loquentes
667 2436 802 2493 secreto
846 2436 883 2492 et
926 2437 1173 2510 componentes

222 2547 302 2592 cum
328 2549 370 2592 eo
399 2549 463 2612 pro
490 2529 676 2612 quinquies
705 2528 799 2592 mille
830 2527 926 2592 libris
957 2529 1104 2610 argenti,
1134 2536 1173 2591 ut

224 2628 400 2692 civitatem
443 2629 737 2711 Burdegalensem
777 2626 887 2692 eidem
924 2627 1101 2692 traderent
1136 2625 1174 2691 in

223 2747 352 2792 aurora
377 2747 399 2792 a
426 2729 587 2793 secundae
615 2728 683 2792 diei
710 2729 804 2805 dato,
826 2745 905 2790 cum
924 2726 989 2791 hoc
1014 2728 1115 2808 signo
1137 2734 1174 2790 et

223 2827 310 2892 inito
336 2835 453 2910 pacto,
477 2836 518 2892 ut
541 2848 620 2893 cum
643 2834 759 2891 essent
780 2828 899 2890 urbem
926 2827 1073 2908 ingressi
1094 2845 1174 2908 par·

223 2934 342 2991 serent
359 2927 529 2992 universis
550 2928 610 3010 qui
632 2928 733 3008 signo
755 2924 874 2990 Sancti
895 2926 1039 3006 Georgii
1059 2925 1172 2989 muni-

224 3033 351 3090 rentur.
413 3026 576 3109 Dumque
607 3033 865 3090 reverterentur
897 3024 939 3088 ed
972 3026 1091 3088 urbem
1120 3023 1171 3086 illi

223 3125 389 3208 quinque,
401 3126 530 3208 proditi
544 3133 639 3202 sunt,
654 3125 749 3207 capti
765 3131 801 3187 et
815 3123 1030 3198 incarcerati,
1044 3129 1174 3203 etpost

223 3222 297 3288 dies
331 3243 461 3308 paucos
502 3225 667 3308 patibulis
708 3223 879 3305 suspensi.
941 3221 1173 3288 Venientibus

223 3331 342 3388 nutem
366 3325 494 3388 nostris
518 3333 557 3390 ut
582 3323 845 3406 ingrederentur
872 3319 916 3386 ad
943 3321 1092 3398 libitum,
1120 3341 1174 3384 re·

224 3423 316 3505 pulsi
333 3431 415 3489 sunt
434 3444 455 3488 a
472 3424 618 3502 civibus,
636 3424 695 3506 qui
713 3441 832 3487 eorum
849 3421 1035 3486 adventum
1051 3425 1062 3456 ‘
1069 3419 1174 3504 jam'³

223 3535 546 3605 praecognoverant,
564 3530 599 3588 et
617 3521 809 3586 firmissime
833 3521 1030 3586 clauserant
1053 3528 1175 3603 portas

112 3663 115 3668 -
223 3622 396 3698 civitatis;
421 3624 578 3706 initoque
607 3621 764 3698 consilio,
797 3640 876 3684 cum
906 3641 944 3686 se
973 3620 1096 3685 illusos
1124 3619 1175 3684 sic

221 3730 484 3801 cognoscerent,
504 3741 568 3785 nec
592 3739 751 3785 securum
777 3720 945 3786 baberent
969 3720 1084 3784 locum
1103 3738 1173 3801 quo

223 3819 449 3899 declinarent,
464 3821 610 3904 profecti
625 3828 706 3884 sunt
731 3839 850 3884 omnes
864 3839 974 3902 usque
992 3818 1117 3902 Bayun
1139 3826 1175 3882 et

223 3917 410 3984 honorifice
432 3922 585 4004 suscepti
620 3927 713 3986 sunt.
765 3919 815 3984 At
837 3919 898 3982 ubi
919 3917 1079 3982 dominus
1103 3915 1173 3979 Ed·

745 4107 756 4138 ¹
773 4109 912 4171 ‘Ryovus,'
932 4108 1007 4159 MSS.
1019 4108 1115 4161 Lansd.
1125 4108 1176 4156 and

711 4181 779 4232 cort.
786 4180 862 4238 Tib.;
880 4178 921 4227 hic
933 4183 959 4226 et
969 4179 1073 4238 passim.

745 4247 755 4278 ³
773 4248 898 4310 Supplied
911 4247 1148 4302 tramissurum.

257 4141 463 4208 '‘oppugnare,’
504 4147 579 4200 MSS.
619 4146 685 4198 con.

220 4214 292 4264 Arm.
304 4217 354 4264 and
366 4216 436 4266 cett.
446 4217 504 4267 Tib.
