3178 4992
239 787 331 828 Edvurtl
344 787 364 829 l.

240 839 265 876 Α.
275 837 301 878 D.
312 839 369 879 1297.

228 961 275 1001 Tha
284 962 343 1012 Klng

227 1012 279 1050 nile
287 1013 320 1052 lor

227 1061 337 1102 munden.

392 473 458 539 158
757 463 968 538 canonicor

411 773 645 858 Tracesretaoit
660 773 729 836 Rea
743 773 777 835 io
793 770 1000 846 Flaadre'om,
1016 778 1045 833 et
1060 768 1139 854 quid
1151 761 1327 854 iliseeerit.

442 944 499 1008 Ad
525 944 706 1009 historiam
731 944 822 1024 regis
847 944 968 1020 nostri,
986 962 1090 1025 quam
1107 944 1142 1006 in
1157 943 1344 1024 praedictis,

392 1054 431 1109 ut
446 1051 555 1127 patet,
571 1045 614 1107 ad
632 1049 768 1125 tempus
788 1043 1083 1124 praetermisimus,
1098 1044 1241 1106 nuncin
1256 1063 1344 1123 prae·

391 1144 482 1208 senti
506 1150 734 1208 revertamur.
786 1141 867 1205 Rex
891 1143 1010 1223 itaque
1038 1148 1169 1218 noster,
1191 1161 1260 1205 non
1283 1144 1343 1206 oh·

392 1251 521 1320 stante,
553 1249 592 1306 ut
632 1242 760 1306 dietum
795 1247 861 1316 est,
896 1238 1144 1305 ‘mutatione'¹
1179 1242 1343 1305 comitum

392 1342 648 1425 praedictorum,
682 1341 775 1404 circa
807 1340 932 1404 festum
968 1341 1062 1405 beati
1095 1340 1344 1405 Bartholomaei

392 1439 579 1524 Apostoli,²
608 1459 721 1504 aerem
758 1459 828 1503 non
863 1440 1015 1504 animum
1051 1447 1202 1516 mutans,
1231 1446 1344 1503 trans-

391 1541 532 1605 fretavit
547 1541 583 1604 in
610 1540 809 1604 Flandriam
824 1559 904 1603 cum
921 1541 1014 1604 mille
1029 1540 1228 1623 quingentis
1244 1541 1344 1621 equis

391 1641 545 1718 armatis
559 1648 594 1705 et
619 1639 876 1723 quinquaginta
899 1639 1050 1704 millibus
1075 1639 1229 1722 peditum
1253 1638 1345 1704 elec-.

391 1747 518 1818 torum,
553 1741 597 1804 de
631 1740 757 1822 quihus
791 1740 931 1803 fuerant
963 1739 1160 1804 Wallenses
1197 1739 1342 1820 triginta

391 1840 510 1904 millia.
559 1839 752 1921 Statimque
770 1858 848 1903 cum
865 1838 1089 1922 applicuisset
1106 1859 1168 1902 rex
1184 1839 1220 1902 in
1236 1846 1340 1920 portu

390 1941 433 2007 de
442 1940 579 2022 Swyne‚
592 1958 726 2023 suoque
740 1958 778 2002 se
790 1939 977 2020 recepisset
988 1938 1152 2020 hospitio,
1165 1938 1342 2001 marinarii

391 2040 434 2106 de
451 2041 630 2122 portubus,
647 2040 879 2103 inveteratum
893 2037 980 2101 illud
1008 2039 1125 2102 odium
1143 2036 1235 2119 quod
1252 2039 1342 2100 inter

390 2141 485 2222 ipsos
514 2147 550 2203 et
583 2138 787 2202 marinarios
821 2137 864 2201 de
894 2137 918 2203 J
921 2157 1093 2202 amemew
1122 2138 1166 2200 ab
1198 2137 1340 2219 antiquo

391 2239 589 2314 duraverat,
619 2237 887 2302 admemoriam
915 2237 1130 2312 reducentes,
1157 2254 1240 2299 mox
1263 2255 1341 2299 cur-

390 2346 506 2403 rentes
532 2337 576 2401 ad
601 2355 709 2412 arma,
732 2334 827 2400 ‘in’³
856 2337 988 2417 impetu
1016 2336 1143 2400 furoris
1167 2335 1221 2398 sui
1246 2354 1340 2398 com-

392 2440 577 2501 busserunt
598 2436 782 2518 plusquam
805 2435 929 2516 viginti
954 2454 1062 2500 naves
1092 2454 1224 2511 eorum,
1249 2435 1340 2516 peri-

392 2542 524 2600 mentes
539 2534 658 2616 gladio
684 2540 856 2617 quotquot
879 2555 921 2598 ex
946 2535 1032 2618 ipsis
1054 2533 1342 2616 comprehendere

393 2641 581 2718 potnerunt
595 2659 620 2708 ς’
643 2653 725 2716 rege
755 2640 871 2698 tamen
897 2634 1111 2716 prohibente,
1139 2633 1200 2697 sed
1231 2635 1340 2715 impe-

393 2743 467 2798 tum
491 2733 616 2798 suroris
642 2733 827 2816 reprimere
851 2753 919 2798 non
937 2733 1096 2807 valente;
1128 2739 1199 2797 tres
1223 2739 1340 2796 tamen

391 2853 527 2916 magnae
552 2852 672 2911 naves,
697 2833 733 2896 in
761 2852 907 2914 quarum
936 2853 1008 2896 una
1035 2833 1218 2896 thesaurus
1248 2832 1341 2913 regis

390 2953 454 3016 pro
474 2940 573 3016 parte
595 2933 720 3009 hrerat,
737 2933 952 2997 retrahentes
977 2951 1016 2996 se
1038 2933 1074 2996 in
1099 2932 1208 2996 altum
1223 2933 1361 3016 maris,

392 3053 470 3098 cum
499 3031 700 3097 difficultate
724 3031 907 3112 fugerunt:
937 3032 1069 3096 ethaeo
1097 3039 1178 3096 acta
1204 3031 1341 3096 fuerant

391 3133 427 3197 in
456 3139 560 3215 portu
590 3133 633 3198 de
660 3132 797 3215 Swyne.
851 3131 938 3196 Inde
965 3130 1119 3214 perrexit
1147 3148 1212 3195 rex
1249 3131 1341 3212 apud

391 3233 539 3314 Bruges,
554 3233 613 3296 uhi
631 3251 746 3297 eomes
766 3231 941 3296 Flandriae
955 3250 1139 3295 occurrens
1157 3231 1189 3294 ei
1204 3231 1341 3294 obviam

389 3332 543 3415 suscepit
555 3351 634 3396 eum
650 3350 728 3394 cum
744 3331 912 3394 immenso
924 3330 1063 3412 gaudio.
1117 3327 1183 3394 Cui
1198 3349 1261 3393 rex
1280 3329 1342 3407 ait,

388 3436 412 3466 “
423 3431 514 3494 Ecce
530 3431 567 3493 in
585 3430 755 3493 auxilium
770 3436 870 3495 tuum
880 3431 1049 3506 venimus,
1067 3449 1193 3494 comes.
1247 3429 1343 3492 Num

388 3547 473 3610 ergo
487 3529 523 3590 in
541 3528 658 3592 hostes
675 3529 872 3611 procedere,
892 3549 938 3593 an
953 3530 996 3593 ad
1014 3537 1151 3611 tempus
1167 3529 1343 3611 quiescere

424 3683 432 3714 ¹
455 3686 658 3748 ‘imitationem’
692 3685 750 3736 MS.
784 3685 852 3737 cort.
879 3692 950 3750 great
960 3689 1014 3738 seui
1029 3692 1055 3736 to
1070 3687 1344 3751 KingEdvvard,then

386 3756 466 3818 Vesp.
877 3759 904 3805 in
926 3772 941 3805 a
966 3757 1024 3820 ship
1046 3757 1128 3807 called
1151 3757 1206 3820 Oog
1230 3757 1344 3806 Edward

421 3822 623 3887 'Wulsingham
634 3821 673 3889 (p.
685 3820 729 3889 72)
739 3838 798 3886 says
809 3825 852 3874 the
877 3827 957 3888 ready
978 3831 1004 3875 to
1026 3827 1130 3876 embarlr
1152 3827 1192 3878 for
1211 3826 1343 3888 Flanders,

387 3896 458 3958 King
469 3894 550 3945 sailed
564 3909 597 3944 on
608 3893 651 3942 the
661 3897 733 3954 alst3
751 3895 803 3943 and
820 3910 853 3944 on
877 3896 945 3959 who,
956 3896 1050 3958 having
1065 3896 1182 3945 received
1198 3896 1227 3957 ir,
1243 3911 1306 3959 gave
1323 3898 1344 3944 it

386 3966 429 4015 the
439 3966 497 4017 ltot.
506 3966 605 4016 Parus
617 3963 668 4014 Ed.
677 3964 737 4026 Lp.
748 3968 773 4026 2,
784 3979 818 4014 m.
828 3968 852 4028 7,
878 3967 931 4014 into
950 3965 992 4015 the
1012 3965 1120 4027 custody
1132 3966 1161 4015 of
1176 3966 1244 4014 Lord
1263 3965 1290 4014 J.
1309 3966 1342 4014 de

388 4035 411 4084 is
423 4051 439 4085 a
449 4034 639 4085 memorandum
651 4035 746 4096 stating
757 4033 853 4083 theton
878 4036 1014 4084 Benstede.
1056 4035 1159 4098 Rvmer,
1182 4034 1302 4096 Foedera,
1324 4035 1343 4084 i.

385 4105 531 4168 Thumduy,
541 4105 644 4167 August
659 4108 701 4167 22,
715 4105 757 4153 the
769 4103 853 4154 Chan—
877 4109 935 4154 876.

388 4176 474 4237 cellor,
484 4175 554 4224 John
564 4175 597 4224 de
609 4175 734 4236 Langton,
745 4179 853 4223 cameto
912 4173 923 4203 ³
940 4172 1054 4223 Omitted
1065 4173 1093 4222 in
1104 4173 1180 4223 MSS.
1191 4173 1259 4223 Ooll.
1270 4173 1343 4223 Arm.

386 4245 547 4294 Wineheleea
572 4244 623 4293 aud
651 4243 781 4294 delivered
809 4244 851 4294 the
878 4243 928 4293 aud
940 4243 1007 4294 Gott.
1019 4243 1076 4294 Tib.
