3178 4992
1570 1 1574 21 ἰ

1572 28 1575 43 r

1573 45 1576 152 l

236 636 367 726 {5131ssss
389 618 483 684 omni
506 617 728 682 cavillatione
741 618 911 693 venirent,
927 616 1080 699 alioquin
1103 623 1233 681 extunc
1248 609 1346 682 velut

223 741 374 813 [πῖ-ΜΓ
389 719 508 784 hostes
541 718 672 801 publici
705 724 918 780 tenerentur.
974 716 1031 780 Ad
1065 735 1170 798 quam
1203 717 1342 798 quidem

224 823 332 863 mmi-
387 819 479 882 diem
512 824 750 882 convenerunt
781 817 924 880 comites
956 817 1068 880 nostri
1105 817 1164 880 isti
1198 816 1343 894 scilicet,

389 937 505 982 comes
528 917 571 980 de
587 915 767 980 Wareuua
792 917 852 998 qui
872 916 986 980 locum
1009 916 1103 996 regis
1126 921 1248 980 teneus
1263 936 1341 998 per·

387 1037 508 1082 sonam
536 1016 649 1098 ipsius
671 1017 907 1097 praesentabat
928 1017 964 1078 iu
988 1015 1065 1091 boc,
1088 1032 1204 1079 comes
1230 1014 1340 1079 Glou·

387 1117 536 1192 cestriae,
569 1134 645 1179 cum
680 1115 858 1179 comitissa
889 1134 1000 1178 uxore
1030 1133 1096 1178 sua
1131 1114 1206 1177 filia
1236 1115 1343 1196 regis,

387 1235 503 1280 comes
529 1215 769 1290 marescallus,
792 1231 907 1279 comes
925 1213 1203 1290 HerefordensiS,
1225 1233 1341 1278 comes

388 1315 431 1379 de
447 1313 630 1391 Arundell,
657 1323 693 1378 et
720 1313 858 1397 Gwydo
885 1313 975 1377 filius
998 1314 1133 1378 comitis
1156 1314 1198 1376 de
1216 1313 1339 1378 Ware·

388 1413 469 1497 wyk
495 1414 605 1497 patris
634 1411 749 1477 locum
778 1421 909 1478 tenens,
962 1412 1119 1477 Baroues
1148 1413 1252 1477 etiam
1278 1414 1339 1477 isti

361 1513 519 1578 ·scilicet
544 1512 723 1575 Henricus
749 1512 793 1576 de
818 1512 942 1595 Percy,
963 1511 987 1575 J
991 1513 1145 1576 ohannes
1171 1511 1214 1575 de
1230 1511 1339 1589 Wak,

385 1612 409 1678 J
412 1612 566 1677 ohannes
577 1612 620 1676 de
634 1610 800 1692 Segrave,
814 1618 848 1676 et
859 1619 1040 1692 magnates
1052 1611 1201 1693 plurimi.
1233 1611 1337 1675 Com-

385 1713 631 1792 municatoque
670 1711 817 1775 consilio
855 1712 1041 1775 voluerunt
1077 1717 1116 1773 ut
1160 1717 1337 1775 constaret
1378 1775 1383 1784 ,

385 1811 560 1875 communi
578 1810 709 1892 populo
724 1810 767 1874 de
782 1810 1044 1875 confirmatione
1058 1810 1201 1891 Magnae
1220 1809 1338 1874 Cattae

384 1919 420 1979 et
442 1909 559 1974 Gartae
583 1911 625 1975 de
645 1909 812 1989 Foresta3
847 1910 938 1973 unde
959 1909 1051 1973 lecta
1078 1908 1210 1990 Magna
1229 1909 1337 1974 Carta

384 2030 463 2074 cum
480 2007 649 2075 Articulis
663 2009 804 2073 insertis
821 2028 909 2091 quos
923 2008 1201 2072 enumeravimus
1216 2027 1335 2090 supra,

385 2109 429 2174 de
454 2117 629 2192 praecepto
645 2128 763 2173 eorum
787 2108 1012 2174 Carliolensis
1030 2109 1225 2190 episcopus,
1247 2127 1335 2190 pou·

385 2208 574 2298 tificalibus
605 2207 760 2286 indutus,
793 2207 1159 2292 excommunicationis
1195 2215 1333 2272 senteu-

386 2308 469 2371 tiam
483 2309 519 2370 iu
536 2327 654 2372 omues
670 2307 746 2392 ejus
762 2307 950 2372 violatores
967 2306 1175 2371 fulminavit.
1229 2306 1334 2370 Cum·

387 2426 454 2489 que
481 2425 550 2470 nou
566 2407 725 2471 venirent
748 2406 845 2469 Scoti
873 2426 987 2489 neque
1010 2407 1198 2482 mitterent,
1220 2412 1333 2470 statu·

383 2513 486 2569 erunt
516 2514 556 2569 ut
584 2506 619 2568 iu
653 2506 788 2569 octavis
813 2507 1038 2587 sequentibus
1063 2505 1156 2587 apud
1190 2503 1333 2569 Novum

385 2603 546 2668 Castrum
569 2624 675 2686 super
694 2605 831 2686 Tynam
859 2605 970 2668 omnis
999 2611 1240 2668 numeraretur
1269 2625 1332 2688 po-

383 2704 487 2785 pulus
502 2703 687 2786 expeditus
700 2702 744 2768 ad
763 2723 928 2787 pugnam,
943 2711 978 2768 et
998 2706 1048 2769 sic
1065 2704 1232 2768 continuo
1248 2725 1330 2787 pro·

383 2803 563 2868 cederetur
588 2804 623 2867 iu
653 2803 782 2867 hostes.
834 2802 1024 2868 Venientes
1054 2811 1170 2868 autem
1191 2804 1334 2881 ibidem,

384 2911 651 2968 numeraverunt
676 2903 841 2985 populum
869 2903 1093 2982 universum3
1125 2911 1159 2966 et
1189 2902 1333 2967 inventa

384 3010 473 3070 sunt
485 3003 555 3067 duo
573 3002 680 3066 millia
696 3021 861 3084 equorum
878 3008 1090 3067 armatorum
1110 3021 1187 3066 cum
1211 3021 1334 3066 asceu-

382 3103 520 3166 soribus
535 3102 668 3179 electis,
683 3109 719 3166 et
737 3101 882 3166 aliorum
898 3102 1126 3184 equitantium
1147 3101 1331 3183 plusquam

382 3201 476 3264 mille
498 3201 650 3278 ducenti,
677 3200 830 3283 peditum
855 3208 971 3264 autem
993 3220 1070 3264 cunr
1095 3199 1332 3265 Wallensibus

381 3301 566 3382 plusquam
577 3309 713 3364 centum
726 3301 844 3363 millia.
862 3299 907 3364 Et
917 3307 1159 3383 processerunt
1168 3301 1331 3365 continuo

383 3418 495 3481 usque
521 3398 565 3462 ad
590 3399 739 3462 confinia
762 3400 958 3480 regionum,
980 3405 1015 3461 et
1038 3397 1186 3480 singulis
1210 3399 1331 3462 diebus

383 3499 577 3578 augebatur
600 3517 721 3563 eorum
743 3515 906 3562 uumerus
933 3505 969 3562 et
993 3498 1029 3561 iu
1051 3497 1269 3579 pedestribus
1295 3505 1338 3562 et.

383 3596 418 3658 iu
433 3596 618 3677 equitibus.
653 3595 809 3677 Cumque
826 3597 1010 3661 scivissent
1028 3596 1125 3661 Scoti
1143 3596 1330 3661 adventum

383 3714 502 3759 eorum
531 3693 697 3770 validum,
726 3695 926 3771 timuerunt,
950 3703 986 3759 et
1011 3695 1244 3778 relinquentes
1271 3697 1333 3760 ob-

383 3794 548 3858 sidionem
576 3794 680 3858 castri
705 3794 747 3858 de
764 3793 986 3875 Rokesburg,
1009 3794 1102 3877 quod
1127 3796 1237 3861 multo
1255 3795 1331 3880 jam

383 3900 538 3975 tempore
589 3901 877 3975 oppugnaverant
924 3913 965 3957 eo
1010 3893 1102 3975 quod
1148 3896 1332 3959 tenebatur

381 3993 506 4062 ibidem
534 3993 718 4075 episcopus
739 3991 980 4071 GlasgueusiS,
1001 3993 1166 4074 fugeruut
1192 4013 1213 4056 a
1243 3993 1331 4056 facie

382 4090 599 4173 Anglorum:
630 4093 847 4174 ingressique
865 4102 946 4157 sunt
968 4093 1078 4155 nostri
1101 4100 1136 4156 et
1150 4092 1270 4156 villam
1296 4100 1332 4155 et

382 4200 548 4268 castrum,
571 4193 790 4256 consolantes
816 4192 988 4268 obsessos,
1013 4199 1049 4255 et
1074 4191 1264 4262 vulneratis
1296 4200 1332 4256 et

1575 185 1576 228 r

387 447 457 512 156·
763 461 973 509 ouuoumou
1066 403 1069 408 .
1137 397 1141 402 -

1574 1405 1577 1437 t
