3144 4990
417 505 484 570 418
783 521 992 569 onnonrcon

258 691 407 782 '‘l'fflff·
420 674 556 741 “limi
583 675 644 758 lus
676 673 712 736 in
752 675 845 740 dieto
878 676 1005 742 ducatu
1041 695 1078 740 se
1115 676 1241 739 babere
1277 691 1366 755 prae-

259 775 577 863 Wiendant,
615 783 651 839 et
688 775 780 856 qnod
816 795 935 839 omnes
968 776 1188 859 coadjutores
1224 782 1259 836 et
1290 771 1366 834 alli·

260 873 371 972 }tgtffif
423 875 497 956 gati
533 874 684 957 partium
726 883 943 938 remanerent
982 876 1018 937 in
1054 875 1115 939 tali
1154 871 1370 956 possessione

261 973 395 1070 fflffi,
423 993 536 1038 rerum
562 980 598 1038 et
625 973 791 1036 bonorum
822 993 892 1055 qua
925 974 1062 1038 fuerant
1093 983 1247 1055 tempore
1275 979 1369 1034 treu-

261 1073 413 1172 ffissffl
425 1092 546 1156 garum
560 1073 735 1148 initarum,
757 1081 792 1137 et
809 1074 873 1137 sub
891 1073 969 1136 aliis
986 1074 1096 1137 modis
1112 1081 1148 1136 et
1161 1068 1369 1135 conditioni·

263 1173 347 1262 iffi
425 1176 490 1238 bus
507 1172 681 1254 expressis
695 1171 831 1253 plenius
847 1173 881 1235 in
898 1172 1038 1266 eisdem,
1091 1172 1137 1236 Et
1152 1173 1201 1234 sie
1217 1189 1295 1233 oum
1309 1187 1371 1249 spe

265 1272 332 1320 ¹¹⁰³·
425 1273 523 1354 pacis
542 1271 727 1344 arridente,
744 1272 809 1334 sub
831 1271 999 1334 dictarum
1024 1278 1223 1352 treugarum
1247 1268 1373 1331 fiducia

428 1371 610 1435 redeuntes
634 1368 671 1433 in
692 1367 868 1450 Angliam,
890 1371 1039 1434 dimissis
1064 1371 1182 1453 paucis
1208 1366 1374 1430 ministris

428 1471 555 1534 nostris
578 1470 614 1531 in
630 1469 814 1532 Britannia
835 1489 897 1551 pro
924 1471 1089 1550 regimine
1111 1470 1279 1533 dictarum
1297 1485 1374 1547 par-

429 1570 516 1632 tium
533 1575 569 1632 et
584 1567 823 1650 eoadJutorum
848 1576 1044 1632 nostrorum
1064 1568 1204 1643 ibidem,
1218 1565 1374 1630 ordinas-

429 1687 544 1732 semus
572 1668 716 1730 nuueios
748 1674 884 1730 nostros
913 1669 956 1730 ad
985 1667 1069 1731 dicti
1093 1667 1220 1731 domini
1250 1664 1375 1728 summi

430 1765 603 1848 pontificis
627 1765 847 1846 praesentiam
875 1786 937 1848 pro
965 1774 1117 1830 tractatu
1142 1765 1249 1848 pacis,
1272 1769 1376 1846 prout

430 1865 625 1930 condictum
655 1864 780 1941 fuerat,
794 1866 1090 1943 transmittendos,
1107 1867 1377 1948 supervenerunt

433 1965 532 2028 nobis
547 1982 640 2027 nova
662 1972 769 2038 certa,
786 1983 853 2026 non
872 1965 996 2030 leviter
1017 1965 1206 2048 pungentia
1227 1969 1376 2025 mentem

434 2071 597 2138 nostram,
614 2062 656 2128 de
674 2068 783 2126 morte
800 2063 960 2127 videlicet
980 2063 1197 2145 quorundam
1213 2061 1378 2124 nobilium

433 2162 533 2227 nobis
557 2161 819 2238 adhaerentium,
850 2170 1030 2245 captorum
1059 2163 1094 2226 in
1121 2161 1313 2234 Britannia,
1344 2166 1380 2222 et

434 2262 478 2325 de
513 2260 657 2343 speciali
698 2268 873 2344 praecepto
915 2261 997 2325 dicti
1034 2261 1187 2344 Philippi
1224 2259 1382 2323 Parisius

434 2361 674 2442 ignominiosae
712 2361 825 2437 morti,
862 2368 983 2426 contra
1025 2361 1172 2424 formam
1211 2359 1380 2422 dictarum

435 2467 646 2540 treugarum,
679 2460 858 2542 tyrannice
901 2459 1130 2538 traditorum3
1168 2478 1300 2522 necnon
1338 2456 1381 2519 de

436 2564 553 2640 strage
599 2565 635 2621 et
676 2556 944 2640 depopulatione
989 2577 1116 2640 magna
1153 2557 1304 2621 fidelium
1345 2562 1382 2618 et

436 2658 603 2720 bonorum
629 2663 824 2719 nostrorum
850 2657 886 2720 in
912 2657 1107 2734 Britannia,
1133 2656 1323 2731 Vaseonia,
1347 2662 1382 2720 et

437 2755 532 2832 alibi,
564 2774 605 2818 ae
640 2757 845 2820 tractatibus
880 2756 1034 2820 subdolis
1064 2764 1099 2820 et
1128 2756 1273 2820 occultis
1304 2774 1381 2817 eum

438 2853 592 2936 alligatis
618 2861 653 2918 et
681 2854 827 2918 subditis
853 2854 979 2918 nostris
1001 2855 1140 2931 habitis,
1167 2874 1254 2936 quos
1285 2854 1334 2916 sic
1361 2872 1383 2916 a

439 2954 539 3018 nobis
554 2953 688 3017 auferre
706 2961 740 3016 et
757 2954 823 3017 sibi
842 2955 1016 3018 attrahere
1038 2956 1222 3031 nitebatur,
1237 2973 1278 3017 ac
1293 2952 1383 3028 aliis,

440 3054 483 3116 de
516 3052 611 3117 sacili
641 3071 710 3116 uon
742 3053 974 3131 numerandis,
1002 3053 1137 3138 injuriis
1167 3061 1203 3116 et
1229 3052 1386 3131 flagitiis,

440 3159 563 3216 contra
573 3152 684 3216 dietas
695 3157 849 3234 treugas,
859 3172 920 3234 per
929 3160 1062 3234 partem
1074 3152 1212 3234 praefati
1220 3151 1384 3233 Philippi,

440 3258 511 3314 tam
530 3251 565 3314 in
582 3258 675 3315 terra
689 3271 792 3333 quam
808 3252 843 3314 in
868 3253 956 3316 mari
975 3251 1076 3315 saetis
1100 3258 1135 3315 et
1157 3251 1383 3331 attemptatis,

442 3369 505 3432 per
536 3369 614 3432 quae
644 3350 745 3413 dictae
777 3358 910 3431 treugae
940 3359 1130 3414 noscuntur
1161 3370 1223 3433 per
1250 3356 1385 3432 partem

443 3449 527 3513 dicti
544 3448 697 3531 Philippi
712 3450 845 3521 notorie
860 3450 1048 3516 dissolutae.
1101 3450 1146 3513 Et
1160 3449 1241 3513 lieet
1256 3447 1388 3527 treugis

443 3566 505 3628 per
534 3547 671 3630 culpam
699 3547 782 3612 dicti
812 3548 966 3631 Philippi
991 3550 1042 3612 sie
1067 3548 1256 3624 dissolutis,
1285 3555 1387 3630 potu·

444 3646 602 3720 issemus,
618 3647 709 3709 sicut
723 3645 836 3710 adbuc
856 3647 899 3711 de
917 3649 997 3730 jure
1017 3667 1211 3730 possumus,
1228 3666 1389 3728 guerram

446 3751 567 3807 contra
582 3763 663 3808 eum
679 3745 798 3808 statim
815 3745 909 3810 licite
925 3748 1163 3829 resumpsisse,
1182 3748 1226 3810 ad
1248 3745 1390 3809 vitanda

445 3850 561 3910 tamen
586 3863 785 3924 guerrarum
818 3844 1025 3922 discrimina,
1051 3847 1209 3910 volentes
1232 3845 1391 3927 primitus

446 3943 597 4025 experiri
628 3943 658 4006 si
685 3961 864 4025 possemus
894 3944 1171 4009 reformationem
1204 3951 1391 4026 attempta-

447 4049 561 4106 torum
592 4041 787 4125 hujusmodi
816 4044 1008 4108 amabiliter
1036 4045 1204 4120 obtinere,
1235 4043 1392 4109 misimus

448 4139 593 4204 diversis
630 4141 763 4206 vicibus
798 4142 951 4206 diversos
987 4143 1130 4208 nuncios
1168 4151 1305 4207 nostros
1347 4141 1393 4206 ad

448 4239 556 4321 ipsius
577 4240 705 4303 domini
726 4242 852 4304 summi
877 4242 1047 4324 pontificis
1070 4243 1302 4325 praesentiam,
1320 4249 1392 4306 tam
