3126 4986
273 781 361 820 Fdward
379 782 395 820 Ι.

272 831 298 868 Α.
307 832 333 869 Ι).
345 832 401 870 1274.

263 887 412 897 ——---—

260 1079 351 1118 Generel

260 1131 344 1168 oouncil
353 1132 376 1169 at

260 1179 336 1228 Lycus.

789 505 996 554 CHRONIUON

454 787 503 851 Dc
529 787 664 852 Concilio
689 787 891 873 andrneensi
915 809 977 872 per
996 787 1124 871 Papam
1155 786 1337 871 &reperiam

724 911 727 916 ·
782 885 999 950 ‘daciannm.’²

482 1060 612 1124 Eodem
657 1080 763 1136 anno,
814 1059 947 1123 scilicet
988 1075 1205 1122 mccnxxrv.
1251 1076 1367 1120 mense

422 1159 533 1236 Maio,
549 1161 759 1224 celebratum
784 1167 838 1222 est
863 1156 1065 1222 concilium²
1082 1157 1243 1239 generale
1271 1157 1367 1238 Lug·

421 1258 516 1334 duni,
536 1259 741 1341 praesidente
762 1278 855 1341 papa
875 1257 1047 1339 Gregorio
1064 1258 1126 1333 X,
1143 1258 1179 1320 in
1198 1277 1267 1340 quo
1289 1275 1368 1338 spe·

422 1359 556 1422 cialiter
577 1359 740 1441 exposuit
764 1377 857 1441 papa
879 1358 1054 1439 negotium
1072 1358 1191 1420 Terrae
1217 1357 1366 1432 Sanctae,

422 1458 481 1521 ubi
510 1458 645 1539 quidem
673 1459 835 1522 Salvator
865 1459 1017 1520 omnium
1049 1464 1213 1537 operatus
1246 1462 1301 1518 est
1331 1457 1367 1518 in

421 1557 533 1620 medio
558 1558 652 1620 illius
680 1569 781 1621 terrae
804 1557 964 1633 salutem,
981 1556 1041 1619 ubi
1063 1556 1212 1637 sumpsit
1235 1561 1365 1636 tempo·

416 1656 503 1718 ralis
537 1657 731 1721 nativitatis
763 1657 896 1719 initium
929 1663 963 1720 et
994 1655 1155 1718 humanae
1183 1671 1366 1718 conversa-

419 1755 522 1821 tionis
548 1755 693 1820 deduxit
720 1763 887 1836 tempora,
912 1756 971 1818 ubi
997 1755 1172 1836 probrosae
1198 1752 1366 1835 passionis

419 1855 585 1917 sustinuit
598 1855 832 1937 opprobrium,
849 1862 884 1917 et
898 1854 1037 1917 tandem
1053 1873 1116 1934 pro
1133 1853 1367 1934 redemptione

419 1959 538 2016 nostra
553 1961 699 2018 mortem
713 1953 852 2035 quidem
873 1954 979 2016 subiit
997 1951 1230 2033 temporalem,
1250 1951 1368 2025 etsie,
1418 1955 1426 1967 ’

419 2051 473 2114 sni
496 2054 638 2134 pretiosi
658 2053 822 2116 effusione
837 2052 981 2127 cruoris,
994 2059 1095 2116 vetus
1112 2050 1286 2132 piaculum
1306 2069 1368 2112 ex-

418 2151 549 2232 piaret:
575 2151 780 2234 adjecitque,
807 2149 1022 2232 “Numquid
1048 2151 1156 2230 igitur
1188 2169 1257 2214 non
1285 2168 1367 2212 con-

419 2250 555 2328 tingent
576 2249 831 2331 redemptorum
850 2249 956 2313 corda
978 2249 1145 2312 immensa
1162 2256 1198 2311 et
1211 2249 1368 2311 innume·

418 2347 542 2410 rabilia
568 2349 734 2412 beneficia
750 2348 1005 2431 Redemptoris,
1022 2347 1187 2430 numquid
1215 2367 1284 2412 non
1310 2367 1368 2410 ac·

416 2446 566 2515 condent
589 2447 758 2530 cujusque
779 2448 970 2529 praecordia
997 2447 1114 2510 claves
1141 2455 1176 2510 et
1203 2447 1368 2528 stigmata

419 2547 529 2608 nostri
545 2545 750 2623 SalvatoriS,
772 2554 812 2611 ut
830 2548 897 2628 ipsi
914 2564 984 2628 pro'
1002 2555 1056 2610 tot
1080 2565 1158 2627 quae
1183 2547 1281 2608 nobis
1306 2546 1367 2609 tri·

419 2645 495 2708 huit
512 2645 577 2708 hoc
600 2645 724 2709 saltem
746 2647 963 2710 necessitatis
984 2654 1137 2727 tempore
1162 2644 1294 2726 aliquid
1315 2663 1367 2707 re-

419 2745 621 2824 pendamus,
631 2745 713 2807 dum
728 2747 839 2809 crucis
852 2744 969 2808 hostes
984 2745 1186 2807 crucifixum
1202 2743 1367 2808 habentes

419 2844 583 2919 ostentui,
611 2845 761 2908 cultores
791 2844 900 2926 ipsius
930 2843 1118 2908 Christiani
1143 2843 1302 2918 nominis,
1328 2851 1367 2906 ut

420 2940 549 3006 Christi
575 2943 706 3007 cultum
732 2943 775 3005 de
797 2951 890 3007 terra
906 2943 1054 3019 deleant,
1077 2944 1289 3006 incessanter
1305 2961 1366 3004 ex-

419 3043 604 3105 terminant
629 3050 665 3106 et
686 3043 905 3118 conculcant,
924 3043 1019 3123 ipsos
1041 3042 1262 3106 debilitantes
1284 3040 1366 3104 viri·

417 3140 494 3216 bus,
513 3149 741 3206 extenuantes
761 3140 952 3224 ‘opibus,'³
980 3148 1015 3205 et
1036 3142 1180 3204 diversis
1209 3147 1245 3203 et
1261 3139 1366 3204 variis

417 3240 675 3304 confusionibus
703 3243 924 3304 saturantes?
970 3238 1026 3303 Ad
1051 3238 1273 3303 vindicandas
1302 3239 1366 3300 ita·

416 3357 483 3418 que
499 3339 742 3421 Redemptoris
764 3341 908 3422 injurias
937 3359 978 3402 ac
1001 3338 1199 3402 redimenda
1221 3337 1374 3418 ignomi·‘

415 3439 522 3500 niosae
559 3438 828 3501 conculcationis
861 3439 1058 3520 opprobria,
1095 3455 1158 3500 nos
1195 3437 1290 3517 ipsos
1331 3443 1366 3499 et

415 3543 534 3598 nostra
563 3535 727 3600 debemus
756 3556 942 3618 exponere,
975 3544 1010 3600 et
1044 3538 1157 3618 ipsum
1187 3535 1366 3616 negotium

449 3757 615 3823 ¹‘teroium,’
633 3761 709 3811 MSS.
723 3763 787 3812 Coll.
804 3763 876 3812 Arm.
902 3762 1001 3810 clerks:
1029 3761 1071 3810 the
1100 3759 1186 3811 Greek
1214 3761 1264 3808 and
1291 3761 1367 3809 Latin

415 3831 465 3878 and
477 3830 613 3881 CottTib.
903 3831 1026 3880 churches
1045 3846 1113 3879 were
1136 3831 1272 3892 re-united,
1291 3845 1367 3892 many

448 3899 458 3926 ²
474 3900 545 3961 This,
558 3900 601 3948 the
617 3899 758 3948 fourteenth
775 3901 876 3962 general
902 3901 973 3950 other
989 3915 1082 3948 canons
1099 3900 1181 3962 made,
1198 3899 1248 3947 and
1270 3900 1368 3948 discus-

413 3971 586 4032 council,was
603 3970 662 4018 held
679 3969 742 4018 from
754 3970 877 4032 Monday,
903 3971 957 4018 sion
975 3970 1033 4018 held
1055 3984 1087 4016 cn
1109 3970 1151 4018 the
1175 3969 1260 4017 affairs
1278 3969 1306 4017 of
1325 3969 1367 4018 the

414 4040 478 4100 May
499 4043 524 4102 ⁷,
551 4044 577 4088 to
599 4039 726 4100 Tuesday‚
748 4039 812 4100 July
837 4043 876 4089 17.
904 4041 974 4100 Holy
988 4039 1131 4101 Land‚and
1147 4039 1191 4088 the
1208 4039 1368 4088 reformation

413 4110 444 4156 In
464 4110 485 4157 it
501 4114 594 4170 twenty
616 4110 790 4158 constitutions
809 4124 876 4157 were
902 4110 1062 4158 ofmauners.
1118 4157 1120 4162 .

413 4179 549 4239 published
561 4179 759 4240 concerningthe
770 4179 876 4226 election

413 4248 442 4295 cf
455 4247 559 4308 bishops
575 4249 624 4296 and
641 4249 683 4296 the
701 4247 880 4297 ordinationes
937 4243 947 4272 ³
964 4245 1117 4310 ‘operibus,'
1127 4247 1185 4297 MS.
1198 4247 1293 4296 Lansd.
