3126 4986
415 480 585 529 wunsam
611 481 657 529 na
680 482 964 534 unnmcauneu.
1135 470 1157 532 9

247 755 422 822 Wollessos
435 765 645 835 sarracenus,
661 766 688 822 et
705 757 857 822 licelinus
872 757 1026 824 occiduas·
1041 779 1111 823 cam
1183 757 1311 850 ffgfflgp

520 857 638 921 Fratre
651 877 705 922 sco
719 857 843 922 David.
1173 866 1322 876 “’““’“

250 1026 359 1092 Anno
402 1028 545 1093 Domini
591 1045 827 1092 mccnxxxn.
873 1029 1003 1107 David,
1049 1029 1157 1096 frater
1168 1046 1295 1087 mewa-n

197 1127 343 1191 Leulini
376 1128 541 1210 principis
566 1126 717 1204 Walliae,
741 1129 801 1210 qui
821 1129 859 1191 in
881 1129 1015 1193 duabus
1038 1132 1156 1212 primis
1168 1098 1231 1138 ”m

196 1229 338 1308 guerris
371 1228 511 1293 Walliae
541 1228 615 1308 regi
645 1226 784 1309 Angliae
816 1237 938 1293 contra
973 1229 1156 1294 Leulinum

198 1327 348 1391 fratrem
371 1346 472 1390 suum
496 1333 637 1391 strenue
664 1327 886 1404 militaverat,
903 1335 1026 1410 utpote
1052 1348 1155 1411 quem

199 1426 305 1490 donis
323 1427 428 1490 variis
443 1432 478 1490 et
493 1427 768 1509 possessionibus
786 1427 904 1492 multis
926 1447 989 1492 rex
1011 1429 1086 1510 ipse
1106 1430 1155 1493 di-

123 1529 126 1535 ’
199 1532 344 1590 taverat
359 1526 396 1588 in
408 1525 550 1607 Anglia,
568 1533 603 1590 et
614 1544 731 1589 caram
746 1527 1037 1608 consanguineam
1055 1547 1154 1594 suam

200 1626 316 1689 eidem
346 1625 572 1708 copulaverat
601 1625 637 1688 in
667 1645 824 1702 uxorem,
850 1646 929 1690 cum
955 1626 1062 1692 fratre
1091 1647 1155 1692 sno

204 1723 353 1789 Leulino
381 1723 610 1789 concordatus
634 1732 697 1789 est.
749 1725 815 1790 Cui
837 1730 975 1790 ‘tamen
989 1725 1013 1759 ’¹
1037 1726 1156 1792 intulit

202 1824 278 1907 ipse
301 1824 468 1887 Leulinus
485 1823 577 1905 quod
601 1844 778 1907 nunquam
802 1825 912 1907 ipsius
936 1843 1054 1889 veram
1075 1846 1157 1890 con-

206 1930 408 2005 sequeretur
430 1923 618 1986 amicitiam
633 1924 700 1988 nisi
721 1925 795 2004 regi
813 1923 951 2007 Angliae
966 1925 1156 1989 intantum

208 2021 399 2087 efficeretur
426 2021 585 2085 inimicus
616 2024 656 2086 in
684 2028 853 2104 quantum
887 2023 1016 2086 dudum
1044 2023 1158 2088 fuerat

209 2141 312 2187 verus
329 2123 480 2185 amicus:
505 2122 607 2185 etsie
625 2121 779 2186 Herodis
796 2128 830 2185 et
846 2122 953 2185 Pilati
972 2122 1059 2186 inita
1075 2141 1156 2186 con-

208 2222 325 2286 cordia
340 2227 374 2284 et
389 2222 483 2284 facta
502 2220 741 2304 conjuratione
757 2221 874 2285 valida
896 2221 1159 2286 insurrexerunt

206 2321 242 2384 in
259 2321 407 2384 christos
431 2319 572 2383 Domini
589 2319 724 2401 Anglos
742 2321 956 2396 innocentes,
975 2328 1157 2404 ceperunt-

207 2441 273 2503 que
289 2419 333 2483 ad
359 2426 509 2483 castrum
529 2419 571 2483 de
589 2420 695 2503 Flynt
717 2419 891 2484 dominum
910 2419 1089 2501 Rogerum
1114 2420 1157 2484 de
1168 2439 1274 2531 caffirrpe

207 2518 374 2603 Clyfford,
395 2537 496 2601 quem
515 2538 578 2582 rex
593 2517 731 2600 Angliae
752 2519 876 2582 ibidem
893 2518 1108 2601 praefecerat,
1123 2527 1285 2590 ermerpa-

207 2626 297 2684 tetro
321 2620 451 2682 carceri
475 2618 710 2698 tradiderunt;
734 2618 856 2682 deinde
879 2625 1055 2684 vastantes
1076 2602 1241 2702 igne-one,

208 2728 243 2782 et
271 2718 390 2800 gladio
421 2718 582 2800 quicquid
615 2717 725 2800 ipsius
757 2717 848 2799 regis
880 2718 936 2782 vel
961 2717 1157 2801 Anglorum

208 2819 411 2899 contingere
432 2823 632 2899 potuerunt.
685 2817 731 2881 Et
757 2817 831 2881 haec
854 2818 992 2898 quidem
1018 2819 1159 2900 incepta

208 2925 290 2981 sunt
311 2918 348 2980 in
370 2925 525 2999 tempore
547 2923 669 2980 sancto
690 2916 782 2980 infra
803 2917 999 2998 passionem
1017 2916 1158 2982 Domini

209 3024 378 3082 sanctam.
428 3015 555 3094 ‘Quod
572 3035 649 3080 cum
665 3016 820 3080 audisset
834 3036 909 3094 rex,
925 3007 1065 3094 misit‚'²
1081 3024 1157 3080 tan·

210 3137 315 3199 quam
324 3115 415 3178 filius
425 3114 629 3191 catholicus,
645 3116 688 3179 ad
704 3123 820 3198 patres
834 3115 1032 3197 spirituales
1045 3114 1158 3178 archi-

211 3216 391 3298 episcopos,
406 3222 442 3280 et
459 3215 641 3297 episcopos
662 3215 700 3277 in
722 3214 789 3277 fide
805 3213 1015 3288 Christiana,
1031 3231 1158 3294 rogans

210 3323 251 3379 ut
265 3316 358 3398 ipsos
375 3314 616 3380 malefactores
632 3322 667 3378 et
687 3334 805 3379 eorum
823 3313 1009 3402 complices
1032 3319 1067 3376 et
1081 3311 1157 3378 fau·

209 3421 301 3478 tores
316 3416 387 3497 qui,
403 3413 648 3496 tranquillitati
663 3420 698 3477 et
712 3413 790 3496 paci
808 3413 961 3476 ecclesiae
975 3419 1108 3478 sanctae
1123 3419 1159 3476 et
1170 3430 1293 3472 waeran

209 3515 307 3595 regni
337 3513 391 3576 sui
418 3513 621 3589 invidentes,
647 3512 933 3594 depraedationes,
964 3512 1159 3588 homicidia,
1169 3484 1276 3574 imilla

209 3613 377 3690 incendia,
395 3619 430 3676 et
448 3612 560 3676 multa
577 3613 731 3676 enormia
746 3619 1004 3695 perpetrarunt,
1017 3618 1159 3695 propter

209 3732 286 3794 quse
301 3713 337 3776 in
358 3731 526 3776 canonem
544 3711 627 3776 latae
643 3711 824 3775 sententiae
843 3711 921 3793 ipso
935 3711 1029 3776 facto
1044 3712 1160 3775 dinos-

243 3966 251 4000 ¹
269 3967 406 4030 ‘calisam'
415 3968 472 4018 MS.
486 3967 552 4017 Gall.
564 3967 635 4018 Arm.
696 3968 850 4029 observaret,
867 3967 912 4016 sed
933 3967 1044 4025 frustra3
1065 3966 1161 4025 quippe

242 4035 252 4066 ¹
274 4039 373 4090 ‘Quod
400 4053 458 4086 cum
485 4037 600 4086 audisset
626 4053 670 4086 rex
697 4037 820 4086 Leulinus
842 4037 876 4084 ad
900 4050 989 4096 pacem
1011 4034 1090 4081 indici
1112 4049 1161 4082 non

207 4123 283 4172 quam
301 4123 359 4157 cnm
379 4121 438 4168 rege
458 4107 555 4155 dudum
577 4107 671 4156 fecerat
697 4111 803 4168 poterat,
819 4110 876 4165 post
897 4103 1009 4152 triduum
1031 4103 1163 4151 descendit

206 4180 300 4240 scripto
309 4179 404 4238 pariter
412 4179 584 4238 etjuramento
592 4177 670 4226 valla-
697 4175 903 4236 archiepiscopus
931 4171 1024 4221 infecto
1053 4173 1161 4235 negotio.

205 4253 266 4312 tam,
282 4248 419 4310 foedusque
436 4247 504 4308 quod
522 4247 671 4310 pepigerant
696 4247 768 4294 Tunc
779 4257 825 4294 rex
835 4239 922 4306 misit,’
934 4241 990 4292 MS.
1003 4242 1097 4293 Lsnsd.
