3178 4992
455 483 626 532 weuram
651 483 697 528 nn
720 481 1003 530 nnumcnuacn.
1131 466 1196 531 1⁵5

245 637 325 700 dem
352 637 388 702 in
419 643 517 701 arcto
546 637 693 719 positus,
721 656 799 701 cum
813 637 890 722 jam
916 637 1112 703 haesitasset
1135 657 1197 722 per
1220 653 1347 745 guffi-

245 733 409 814 triduum,
432 738 619 802 novissime
645 745 761 801 tamen
783 745 822 802 ut
850 737 955 801 corda
979 757 1121 802 suornm
1142 758 1196 803 re·
1242 732 1248 745 '
1278 733 1283 745 '
1345 728 1351 740 '

245 837 372 900 tineret
407 837 500 900 votis
539 856 657 901 eorum
699 837 822 900 annuit
857 837 893 900 in
925 838 1124 920 praemissis,
1162 845 1198 901 et

247 936 364 1000 omnia
379 936 550 1001 concessit
565 943 600 1000 et
614 956 676 1018 per
691 936 845 999 ordinem
861 935 1099 1001 confirmavit.²
1125 936 1197 1000 Pro

248 1035 313 1100 hac
334 1042 452 1099 autem
473 1035 735 1099 confirmatione
750 1045 926 1100 cartarum
942 1037 1198 1119 praedictarum,

248 1153 324 1198 cum
348 1135 421 1199 suis
437 1134 612 1219 adjunctis
627 1134 814 1217 praedictis,
829 1136 997 1201 dederunt
1018 1142 1199 1217 magnates

248 1241 351 1298 terrae
381 1253 459 1298 cum
489 1234 663 1298 communi
694 1233 823 1316 populo
851 1254 980 1299 nonum
1007 1235 1200 1310 denarium,

249 1333 528 1416 archiepiscopus
551 1332 814 1397 cantuariensis
841 1354 918 1398 cum
942 1353 1007 1398 suo
1025 1332 1118 1398 clero
1142 1334 1200 1398 de-

248 1433 374 1496 cimum
404 1432 593 1509 denarium,
625 1439 660 1496 et
682 1431 835 1496 Eborum
868 1433 999 1497 electus
1026 1451 1104 1496 cum
1134 1451 1199 1496 suo

249 1532 354 1609 clero,
392 1533 452 1614 qui
494 1532 759 1614 propinquiores
798 1527 955 1614 periculo
995 1533 1200 1609 extiterrmt,

249 1633 407 1713 quintum
423 1631 615 1708 denarium,
634 1632 676 1694 in¹
690 1631 882 1695 subsidium
906 1651 1041 1713 guerrae
1057 1632 1148 1712 regis
1164 1631 1200 1694 in
1212 1653 1247 1692 aa
1257 1651 1292 1691 aa

250 1749 358 1810 regno
373 1731 511 1794 Scotiae.
557 1731 673 1794 Lanas
689 1732 794 1793 etiam
810 1731 1050 1812 religiosorum
1064 1737 1099 1794 et
1114 1731 1201 1794 alio·
1212 1699 1351 1793 fiiniissoi‘li

249 1849 323 1891 rum
341 1828 384 1893 de
404 1829 533 1913 populo
554 1831 650 1913 prius
676 1837 859 1912 acceperat
880 1851 956 1907 rex,
970 1850 1048 1894 cum
1069 1813 1263 1911 protes-'⁸¹'

252 1929 383 1994 tatione
423 1937 541 1994 tamen
589 1927 683 2012 quod
730 1928 963 1994 allocarentur
1003 1930 1039 1992 in
1080 1928 1200 1992 eodem

250 2029 380 2109 quinto,

353 2249 505 2329 Quomodo
523 2237 656 2320 Comites
664 2258 880 2334 processeram
894 2249 928 2313 in
946 2250 1097 2315 Scotiam.

260 2461 263 2466 ·
302 2423 384 2488 Rex
399 2423 503 2487 etiam
519 2430 638 2488 noster
650 2442 712 2504 per
726 2422 844 2488 literas
865 2443 947 2488 suas
962 2424 1131 2506 speciales
1145 2443 1202 2487 ro·
1215 2445 1276 2487 an.
1287 2447 1345 2484 nes.

253 2523 351 2603 gavit
368 2522 506 2586 eosdem
535 2523 678 2586 comites
700 2530 736 2585 et
762 2531 906 2586 caeteros
933 2531 1114 2606 magnates
1141 2524 1201 2604 qui
1215 2512 1327 2602 ξξῖἷζζξίῗ

253 2629 491 2686 remanserant
513 2622 550 2684 in
573 2621 715 2703 Anglia,
741 2628 781 2685 ut
803 2623 894 2686 sicut
919 2641 1020 2686 suum
1039 2631 1074 2687 et
1091 2623 1199 2687 totius
1216 2628 1355 2668 Medos

1216 2680 1302 2718 warren

253 2728 355 2785 terrae
381 2721 588 2803 Anglicanae
611 2721 776 2784 honorem
806 2721 1003 2803 diligerent,
1030 2742 1108 2787 cum
1131 2721 1199 2784 ies·
1215 2728 1324 2768 takeethe

1215 2778 1328 2819 command
1337 2776 1362 2815 oi

252 2821 421 2885 tinatione
453 2821 567 2903 parati
599 2819 824 2900 procederent
863 2823 899 2883 in
939 2821 1091 2886 Scotiam
1122 2839 1200 2884 cum
1215 2827 1354 2918 lgfflm

253 2920 378 2983 comite
395 2918 445 2982 ‘de
465 2919 652 2992 Warenna,
675 2937 778 3000 quem
800 2937 865 2982 suo
886 2921 963 2984 loco
986 2919 1200 3001 praefecerat,

253 3025 293 3080 ut
311 3017 493 3081 Scotorum
520 3016 702 3079 audaciam
728 3024 763 3080 et
786 3017 1013 3098 reprimerent
1034 3023 1070 3081 et
1095 3019 1200 3080 casti·

254 3123 389 3197 garant,
422 3115 643 3196 praefixitque
682 3115 731 3177 eis
768 3117 950 3178 terminum
992 3115 1028 3178 in
1068 3117 1201 3179 octavis

253 3214 385 3304 scilicet
400 3214 519 3278 Sancti
545 3212 675 3276 Hilarii
697 3214 791 3294 apud
815 3213 980 3291 Eborum,
1002 3222 1043 3277 ut
1063 3214 1317 3288 interim-manaa

253 3322 460 3395 pararentur
495 3318 530 3376 et
563 3312 788 3376 convenirent
824 3312 965 3391 ibidem,
993 3319 1122 3377 extunc
1155 3313 1207 3375 in·
1216 3291 1266 3328 ’ω’
1276 3291 1308 3329 ²⁰·

253 3431 335 3476 suos
351 3412 470 3476 hostes
488 3412 696 3495 processuri.
750 3412 849 3476 Misit
870 3412 973 3476 etiam
996 3432 1060 3475 rex
1082 3413 1206 3476 literas
1217 3437 1263 3477 rna
1276 3435 1369 3476 seam

1169 3512 1176 3527 .
1218 3487 1291 3526 nobles
1301 3496 1361 3524 surn-

254 3531 335 3574 suas
363 3511 408 3575 ad
434 3519 617 3594 magnates
652 3501 791 3588 Scotiae,
824 3518 863 3575 ut
893 3512 923 3574 si
949 3512 987 3574 in,
1011 3512 1078 3576 fide
1103 3520 1138 3577 et
1166 3531 1202 3576 m
1218 3537 1326 3576 monento

1217 3597 1294 3636 appear
1300 3587 1323 3624 in
1332 3587 1370 3626 the

254 3609 421 3674 fidelitate
443 3631 507 3674 sua
529 3617 720 3686 manerent,
742 3611 833 3674 sicut
854 3611 890 3674 in
912 3630 1050 3675 recessu
1073 3629 1138 3674 suo
1164 3630 1202 3673 se
1217 3638 1352 3726 ξῗὲιίιὲξιὶιῐοηιΙ

253 3725 430 3773 remanere
458 3711 699 3791 promiserant,
730 3709 774 3772 ad
804 3709 1070 3791 parliamentum
1100 3729 1201 3774 suum
1218 3737 1327 3784 rue-ay,

254 3808 345 3888 apud
362 3809 528 3884 Eb0f¹¹m2
544 3807 637 3890 qUOd
656 3828 718 3890 per
734 3810 878 3874 comites
901 3828 983 3873 suos
999 3810 1036 3871 in
1050 3810 1202 3872 crastino
1219 3788 1269 3827 ³⁸¹¹·
1281 3787 1312 3825 ¹⁴·

254 3907 375 3971 Sancti
411 3907 541 3970 Hilarii
573 3907 818 3971 celebrandum
853 3915 1038 3983 statuerat,
1072 3908 1203 3988 absque

288 4096 295 4124 ¹
316 4099 357 4159 By
373 4097 460 4146 letters
478 4101 574 4159 patent,
596 4097 673 4146 dated
690 4103 725 4158 at
741 4098 912 4158 damagedby
927 4099 981 4158 lire,
992 4098 1014 4146 is
1027 4099 1162 4158 preserved
1178 4101 1205 4148 in

252 4169 338 4234 Ghent
351 4183 383 4216 on
399 4167 442 4215 the
459 4167 502 4214 5tb
519 4167 548 4214 oi
563 4167 716 4227 November,
741 4167 783 4215 the
820 4166 917 4214 British
955 4168 1085 4218 Museum.
1133 4169 1204 4220 Gan.

251 4235 294 4288 the
310 4237 418 4300 original
429 4237 458 4285 of
471 4236 566 4299 which,
578 4236 716 4285 somewhat
740 4236 827 4298 Autiq.
838 4237 881 4286 vii.
893 4241 917 4286 9.
929 4255 932 4258 ’
