3166 4992
422 448 593 496 WALTERI
618 449 665 498 DE
688 450 713 496 H
718 449 969 498 EMINGBURGH·
1102 434 1167 500 223

219 607 410 683 consocios,
426 613 461 670 et
471 605 670 687 conglobati
681 627 750 671 non
764 607 934 676 timerent.
975 606 1042 671 Sed
1056 607 1166 674 noluit
1191 620 1287 710 {⁶32¹ss
1288 621 1313 710 015

220 725 293 770 suae
322 706 520 770 strenuitati
543 713 658 770 notam
684 707 828 790 impingi
851 715 891 772 ut
916 707 1164 782 retrocederet;
1181 697 1328 736 ··’“’···

219 807 290 871 imo
307 814 462 870 armatus
485 807 654 888 processit
669 808 718 870 eis
735 808 885 884 obviarn,
902 807 1166 891 cecideruntque

221 906 320 972 molti
338 905 417 970 hinc
433 914 468 970 et
485 905 577 983 inde,
593 906 717 988 etipse
734 907 885 973 letaliter
900 907 1099 974 vulneratus
1114 917 1166 974 est

220 1013 256 1070 et
286 1013 421 1088 captus.
485 1004 656 1087 Captique
687 1013 768 1074 suut
800 1027 878 1074 cum
913 1027 954 1072 eo
982 1007 1166 1090 plusquam

221 1106 344 1187 viginti
366 1104 492 1171 milites
516 1104 639 1184 electi3
668 1107 728 1170 sod
750 1107 1069 1192 supervenientibus
1091 1107 1167 1189 qui-

220 1204 364 1270 busdam
382 1224 426 1272 ex
450 1205 577 1268 nostris
600 1203 642 1270 de
664 1205 815 1272 secunda
837 1213 962 1283 turma,
978 1213 1166 1288 rapuerunt

220 1325 299 1371 eum
321 1325 343 1374 a
365 1305 567 1371 custodibus
591 1304 663 1370 suis
688 1312 723 1372 et
750 1305 979 1373 abduxerunt.
1026 1304 1166 1373 Corruit

220 1405 325 1470 etiam
342 1405 391 1472 ibi
413 1404 572 1470 dominus
590 1403 796 1486 Radulpbus
815 1404 848 1471 le
864 1403 1028 1482 (lobreto,
1042 1405 1105 1486 qui
1119 1424 1165 1472 ex

218 1511 320 1586 parte
351 1504 443 1585 regis
468 1503 639 1586 stipendia
667 1504 897 1574 ministrabat.
961 1504 1008 1572 Et
1037 1505 1166 1570 reversi

219 1610 301 1670 sunt
331 1604 391 1672 elii
418 1604 454 1670 in
484 1602 661 1686 Anguem,
691 1603 880 1672 deferentes
905 1603 1046 1670 sinistra
1074 1623 1167 1670 nora

219 1724 303 1786 regi.

271 1802 495 1878 Mireculose,
512 1809 550 1866 nt
566 1801 728 1878 ereditur,
745 1802 865 1871 eedem
884 1802 1067 1868 Dominica
1083 1820 1166 1868 con·

219 1904 315 1985 tigit,
326 1902 417 1985 quod
436 1902 597 1966 dominus
612 1900 788 1968 Robertus
806 1903 848 1968 de
866 1901 984 1984 Neryl
999 1921 1077 1970 curn
1091 1901 1166 1966 suis

219 2004 359 2070 missam
389 2002 552 2067 audiebat
582 2021 717 2068 summo
751 2019 864 2078 marre,
896 2001 1051 2068 nesciens
1083 2000 1166 2082 quid

219 2104 353 2166 interim
371 2108 552 2183 ageretur3
576 2118 647 2183 qua
668 2108 820 2183 peracta,
837 2100 1016 2165 festinavit
1031 2107 1071 2168 ut
1088 2119 1166 2166 cum

219 2203 385 2285 praedicto
416 2201 555 2264 domino
585 2200 609 2264 J
612 2199 747 2264 ohanne
776 2201 960 2282 capitaneo
991 2199 1166 2263 exercitus

219 2302 429 2384 loqueretur,
447 2299 669 2381 obviavitque
683 2299 907 2381 fngientibus,
922 2307 958 2367 et
976 2318 1038 2381 per
1052 2299 1166 2380 ipsum

207 2410 255 2472 ,et
280 2420 361 2464 suos
388 2401 523 2464 liberati
551 2406 633 2462 sunt
661 2399 791 2481 captivi
818 2398 928 2474 multi,
952 2405 988 2462 et
1007 2398 1103 2462 Scoti
1129 2399 1165 2460 in

219 2519 346 2583 magna
362 2508 461 2583 parte
475 2498 690 2581 retrogressi,
706 2519 769 2564 nec
790 2498 922 2568 corruit
940 2517 1030 2566 unus
1054 2516 1100 2564 ex
1115 2498 1165 2560 eis

217 2601 277 2682 qui
311 2601 425 2664 missae
454 2599 656 2676 intererant,
686 2619 750 2666 nec
779 2598 906 2682 aliquis
938 2604 1064 2680 captus
1101 2617 1165 2664 seu

218 2701 431 2768 vulneratus.

387 2922 436 2985 De
450 2920 621 2985 maeatae
636 2919 782 2984 Pecunia
789 2941 855 3015 por
870 2921 991 3005 Royem.
1031 2995 1032 3000 γ

260 3096 390 3160 Eodem
400 3115 492 3162 anno
500 3095 537 3162 iu
546 3092 985 3160 octavisSauctiJohannis
993 3093 1163 3174 Baptistae
1176 3108 1203 3148 Δ.
1212 3109 1238 3149 1>-
1250 3110 1304 3148 1³02.

220 3197 331 3262 tenuit
361 3215 424 3260 rex
455 3195 720 3277 parliamentum
758 3211 859 3260 suum
893 3192 1094 3268 Londouiis,
1128 3175 1307 3273 etflssssffiif

218 3295 336 3376 exegit
355 3314 377 3358 a
396 3294 488 3360 clero
508 3301 544 3362 et
563 3293 692 3376 populo
713 3291 1039 3375 quintumdecimum
1060 3293 1162 3358 dena·
1174 3276 1226 3324 Μ’
1236 3277 1254 3315 ¹·

216 3397 304 3462 rium
337 3394 380 3458 de
412 3395 486 3460 suis
521 3393 788 3476 temporalibus3
832 3393 1027 3473 scutagium
1057 3393 1163 3458 etiam

217 3495 335 3577 exegit
356 3495 475 3561 eodem
502 3511 594 3561 anno
611 3493 647 3560 in
664 3491 953 3574 Quadragesima,
976 3498 1010 3558 et
1027 3492 1163 3556 caeteris

218 3595 384 3660 militibus
418 3595 588 3658 concessit
618 3600 658 3659 nt
687 3612 709 3658 a
741 3593 813 3658 suis
844 3592 1042 3658 tenentibus
1077 3591 1163 3658 illud

215 3693 378 3759 facerent.

268 3791 399 3859 Eodem
422 3812 512 3858 anuo
538 3811 654 3858 comes
668 3789 890 3858 marescallus
907 3789 1081 3871 Rogerus,
1104 3789 1164 3871 qui
1190 3829 1193 3836 ·

217 3891 327 3956 multa
358 3891 568 3955 exhauserat
588 3899 741 3971 tempore
770 3909 840 3971 quo
870 3888 1011 3953 fovebat
1029 3894 1163 3969 partem

217 3998 339 4056 centra
348 4009 473 4071 regem,
482 3989 670 4072 requisitus
680 3973 906 4052 eratafratre
917 3986 1012 4052 squ
1017 3987 1164 4060 ohanne,

217 4090 277 4172 qui
294 4089 481 4154 multarum
497 4096 573 4152 erat
587 4094 700 4151 rector
715 4087 938 4150 ecclesiarum
955 4092 990 4148 et
1001 4084 1164 4168 pecunio-

217 4195 276 4253 sus
298 4189 412 4266 valde,
435 4196 474 4255 ut
502 4187 683 4274 pecuniam
714 4206 818 4270 quam
846 4185 912 4252 sibi
942 4191 1165 4252 mutuaverat
