3126 4986
380 489 424 552 54
746 499 956 547 annomeou
1040 512 1043 518 ·

232 675 356 765 quq-⁸3⁹2
382 678 488 742 qnam
513 666 636 741 postea
659 657 821 720 restituit.
868 654 945 718 Illis
963 655 1078 718 tamen
1104 654 1164 735 qui
1184 655 1216 716 ei
1238 660 1335 716 tene-

223 753 510 823 ‘sssshantur
533 760 569 821 in
595 756 711 820 debito
733 755 788 818 vel
811 755 1039 818 communiter
1066 773 1145 816 cum
1172 753 1265 816 clero
1282 752 1337 814 vel

383 858 513 942 populo
529 857 697 920 auxilium
713 855 964 936 promittebant
979 853 1022 928 ei,
1039 852 1142 936 hujus
1158 858 1337 933 acceptam

383 958 565 1040 pecuniam
588 957 623 1019 in
654 954 860 1018 solutionem
889 953 1033 1018 alterius
1057 951 1166 1036 jussit
1194 951 1336 1015 allocari

383 1077 445 1122 seu
459 1057 606 1121 restitui.

715 1203 783 1264 Bac
799 1200 879 1284 cepit
892 1199 1011 1262 Lanae.

434 1349 566 1412 Eodem
589 1349 695 1412 etiam
726 1367 817 1411 anno
844 1346 937 1410 circa
959 1345 1087 1409 festum
1111 1343 1337 1409 Ascensionis

385 1446 527 1511 Domini
560 1467 680 1512 omnes
714 1447 813 1510 lanas
852 1456 952 1508 terrae
987 1464 1060 1508 suae
1091 1444 1225 1508 saisivit
1263 1450 1337 1507 tam

384 1546 587 1610 clericorum
608 1565 713 1628 quam
736 1545 915 1620 laicorum,
936 1544 1037 1607 etsie
1061 1545 1199 1607 scisitas
1226 1543 1339 1606 tenuit

383 1665 565 1729 quousque
606 1652 826 1721 mercatores
865 1644 949 1707 data
985 1643 1139 1706 maxima
1180 1642 1337 1725 pecuniae

383 1764 530 1823 summa,
546 1765 606 1811 eas
632 1745 732 1828 quasi
762 1744 805 1808 de
832 1762 925 1806 novo
949 1743 1153 1806 redimerent
1176 1749 1211 1805 et
1235 1742 1337 1805 hahe-

382 1843 482 1909 rent.¹

491 1969 604 2054 Eeeyit
618 1971 686 2032 Bac
698 1968 897 2032 Medietatem
909 1967 1069 2028 Bonomno
1090 1987 1111 2028 a
1131 1965 1230 2028 Olera.

220 2164 361 2204 coemtio„
434 2141 567 2207 Eodem
606 2163 697 2207 anno
728 2142 867 2205 vocavit
903 2159 966 2202 rex
1004 2159 1068 2221 per
1100 2138 1218 2203 literas
1256 2159 1338 2204 suas

220 2214 362 2304 ilillilll'
383 2242 673 2323 archiepiscopos
710 2241 903 2322 episcopos
937 2238 1086 2302 decanos
1114 2239 1337 2302 ecclesiarum

220 2315 319 2363 ΒΜ·
384 2339 647 2415 cathedralium,
670 2345 705 2401 et
728 2338 1001 2414 archidiaconos
1020 2338 1055 2400 in
1079 2339 1230 2420 propriis
1258 2359 1338 2420 per-

384 2438 492 2513 sonis
527 2438 726 2518 clerumque
763 2436 1037 2519 uniuscujusque
1080 2437 1239 2500 dioecesis
1275 2457 1338 2518 per

385 2535 473 2600 duos
502 2545 757 2618 procuratores
790 2544 829 2600 ut
861 2537 897 2598 in
923 2536 1011 2599 sesto
1035 2536 1147 2599 sancti
1173 2536 1337 2600 Matthaei

382 2637 534 2717 apostoli
554 2656 670 2699 coram
687 2656 728 2700 eo
749 2642 988 2718 comparerent
1007 2634 1206 2699 Londoniis.
1253 2634 1340 2712 Qui-

221 2749 336 2808 ra'emng
385 2735 450 2798 bus
473 2735 599 2799 ibidem
624 2735 854 2799 existentibus
878 2735 927 2798 ait
946 2754 1021 2810 rex,
1037 2734 1214 2797 “Domini
1229 2735 1335 2816 caris-

221 2811 342 2850 exactsthe
406 2834 413 2848 .
455 2835 462 2848 .
513 2835 520 2849 .
670 2836 677 2849 .
1029 2833 1036 2847 .
1076 2835 1083 2849 .

221 2859 360 2900 sororem
386 2853 476 2911 suni,
505 2854 579 2917 Jam
611 2844 697 2899 satis
729 2842 869 2898 constat
890 2841 930 2896 ut
958 2833 1103 2897 audistrs
1131 2833 1173 2896 de
1203 2833 1336 2897 famosa

221 2911 372 2959 “mmm''
385 2933 454 2997 ista
469 2954 595 3016 guerra
610 2955 688 3016 quae
704 2935 792 2998 inter
807 2953 923 3015 regern
940 2933 1153 2996 Francorum
1169 2941 1204 2994 et
1223 2931 1338 2996 ‘nos'q

385 3034 523 3099 initium
538 3037 706 3116 sumpsit3
730 3053 798 3096 non
820 3040 940 3096 nostra
957 3032 1072 3114 culpa,
1089 3039 1130 3095 ut
1145 3032 1242 3095 novit
1262 3033 1336 3114 ipse

386 3132 497 3212 Deus,
513 3135 574 3198 sed
597 3135 727 3218 absque
752 3133 824 3196 ullo
846 3132 927 3196 dolo
942 3131 998 3194 rel
1013 3131 1134 3194 fraude
1151 3131 1338 3194 casualiter

385 3235 533 3316 sumpsit
554 3234 702 3310 initium,
732 3239 767 3295 et
786 3251 898 3314 usque
921 3232 956 3293 in
978 3249 1130 3312 praesens
1158 3238 1338 3311 sumptuo-

385 3333 518 3394 sissime
546 3333 747 3396 continuata
771 3339 836 3393 est.
889 3329 1034 3406 Verum,
1057 3349 1100 3392 ne
1128 3348 1173 3391 ex
1204 3330 1336 3413 injusto

386 3429 476 3491 bello
512 3430 673 3508 redargui
702 3448 882 3510 possemus
908 3429 964 3491 vel
992 3428 1207 3510 reprehendi,
1233 3430 1335 3492 obtu-

384 3525 486 3588 limus
510 3528 541 3588 ei
566 3527 677 3607 primo
702 3546 834 3608 pacem,
852 3535 888 3590 et
901 3527 997 3610 pacis
1020 3527 1165 3591 formam
1191 3535 1336 3609 uterque

384 3632 539 3686 nostrum
568 3625 788 3706 amplexatus
816 3635 890 3689 est:
925 3646 1028 3707 quarn
1057 3646 1135 3689 cum
1165 3647 1209 3690 ex
1237 3633 1335 3709 parte

384 3715 514 3799 nostra,
537 3730 577 3786 ut
592 3725 763 3800 convenit,
780 3745 920 3788 servare
938 3727 1052 3807 parati
1075 3745 1240 3802 essemus
1262 3727 1337 3807 ipse

421 3967 428 3996 ¹
445 3965 499 4016 The
511 3967 573 4030 king
585 3969 672 4018 issued
683 3970 755 4018 writs
766 3973 792 4017 to
803 3969 846 4017 the
872 3975 898 4018 to
920 3971 951 4017 be
976 3972 1137 4031 transported
1161 3972 1261 4032 beyond
1283 3986 1336 4033 sea,

385 4037 484 4086 eheriffs
495 4039 601 4100 bearing
613 4039 672 4088 date
684 4039 726 4088 the
744 4039 804 4088 aoth
821 4039 850 4086 oi
872 4039 923 4087 and
941 4043 966 4086 to
978 4041 1035 4102 give
1046 4045 1072 4088 to
1084 4041 1129 4089 the·
1139 4056 1237 4090 owners
1253 4041 1336 4090 tallies

384 4106 457 4167 July,
468 4109 644 4170 commanding
655 4109 722 4157 them
733 4114 759 4158 to
770 4109 847 4170 seiae,
872 4109 910 4157 for
928 4108 971 4156 the
990 4124 1059 4158 sums
1079 4110 1138 4159 thus
1158 4112 1261 4160 become
1284 4111 1334 4160 due

384 4175 423 4222 for
438 4176 480 4224 the
497 4179 569 4238 royal
587 4194 643 4241 use,
654 4179 696 4228 the
711 4179 778 4228 wool
796 4177 846 4226 and
871 4183 897 4225 to
908 4178 984 4228 them.

384 4245 476 4292 tanned
495 4246 568 4296 hides
586 4248 670 4296 which
682 4264 750 4297 were
770 4249 847 4298 about
907 4244 917 4274 ⁹
933 4249 1016 4297 ‘inter
1027 4249 1090 4311 nos'
1104 4249 1162 4300 MS.
1174 4249 1240 4299 Call.
1253 4250 1325 4298 Arm.
