3144 4990
398 483 465 548 4⁰6
778 497 989 545 conosicon«

241 669 389 760 msufflt·
403 656 446 720 de
464 656 544 740 jure
566 654 707 718 creandi
722 660 804 718 sunt
822 654 958 718 device
975 652 1097 736 populi
1114 652 1357 733 magistratus,

240 724 377 852 ΤᾚΜζ
404 763 440 819 et
466 757 573 841 juxta
598 754 728 818 dictum
756 754 949 836 prophetoe,
979 752 1083 816 dandi
1111 760 1192 816 sunt
1226 751 1268 814 de
1298 769 1354 813 se·

239 853 520 954 loffffisdffl‘ss
548 855 626 918 loco
651 852 770 936 populi
796 853 997 928 munitores,
1021 851 1114 933 quod
1144 870 1207 932 per
1230 851 1352 912 beatos

240 954 358 996 ΝΜ
407 954 584 1036 apostolos
619 953 747 1034 legitur
779 968 855 1016 esse
898 951 1042 1028 fectum,
1074 951 1156 1013 dnm
1193 949 1354 1030 gentibus

406 1055 500 1119 viros
514 1052 711 1134 linguarum
727 1065 867 1114 suerum
881 1049 1048 1115 hebentes
1068 1049 1225 1113 notitiam
1240 1056 1354 1110 trans-

407 1153 593 1225 miserunt:
622 1159 767 1232 pensata
787 1151 892 1214 etiem
914 1148 1107 1214 devotionis
1129 1145 1354 1230 plenitudine,

408 1269 479 1333 qna
503 1250 627 1314 domos
654 1255 774 1312 nesea
800 1248 907 1330 regia,
935 1255 970 1312 et
996 1247 1109 1312 clerus
1137 1253 1173 1310 et
1201 1244 1354 1328 populns

408 1349 492 1414 dicti
513 1349 613 1430 regni
635 1348 861 1430 perstiterunt
882 1347 1048 1412 hactenus
1070 1343 1353 1410 inobedientiam

409 1448 512 1512 dictoe
529 1445 634 1522 sedis,
649 1452 790 1527 pmpter
811 1445 903 1526 qnod
930 1465 999 1510 non
1021 1445 1165 1510 haberet
1186 1450 1354 1525 paternus

410 1544 553 1612 affectus
573 1544 625 1608 eis
647 1561 753 1607 onena
778 1551 815 1608 et
844 1546 1049 1625 gravamina
1076 1542 1265 1618 cumulare,
1293 1561 1354 1606 ve·

410 1643 494 1720 litis,
518 1650 559 1707 ut
583 1649 684 1724 peter
706 1641 786 1706 filiis
809 1642 1059 1720 thesaurizans,
1087 1641 1251 1706 alleviare
1280 1639 1353 1704 dio-

412 1747 526 1806 tarum
541 1740 799 1824 impositionem
815 1748 850 1804 et
867 1743 1103 1824 provisionum
1129 1758 1172 1805 ac
1196 1757 1353 1814 onerum,

407 1841 483 1924 jem
504 1860 566 1922 per
581 1841 699 1904 sedem
714 1841 941 1922 apostolicam
964 1838 1260 1914 invalescentium,
1274 1856 1356 1918 gra·

411 1941 568 2016 vitatem,
593 1939 831 2021 permittentes
867 1938 1012 2003 ulterius
1048 1946 1090 2002 ut
1120 1936 1260 2020 patroni
1292 1955 1355 2017 pa-

411 2045 570 2102 tronatus
590 2038 646 2100 sni
667 2037 829 2102 solatium
851 2056 919 2102 non
941 2039 1115 2114 amittant,
1132 2035 1357 2116 ecclesieque

357 2166 360 2172 ·
410 2136 676 2201 cathedralesct
697 2136 777 2200 alian
799 2135 883 2200 dicti
904 2137 1002 2218 regni
1022 2137 1148 2202 liberas
1170 2133 1357 2200 electiones

411 2243 447 2300 et
468 2252 587 2300 earum
609 2235 770 2300 effectum
790 2234 952 2311 habeant,
973 2254 1061 2317 quos
1083 2234 1221 2316 quidem
1243 2231 1355 2296 eccle·

411 2334 482 2398 sios
503 2334 587 2398 dicti
609 2333 847 2416 progenitores
869 2334 979 2398 nostri
1000 2334 1129 2398 dudum
1151 2333 1188 2396 in
1211 2330 1357 2411 singolis

411 2432 651 2497 vacationibus
687 2432 873 2497 eorundem
907 2432 1063 2514 personis
1098 2430 1231 2496 idoneis
1271 2429 1353 2512 juro

411 2549 474 2594 sno
513 2531 611 2610 regio
647 2529 754 2592 libere
790 2530 1025 2607 conterebant,
1059 2536 1095 2594 et
1133 2527 1355 2611 postmodum

411 2627 456 2690 ad
478 2634 638 2706 rogatum
661 2634 697 2690 et
718 2627 917 2692 instantiam
933 2628 1035 2694 dictae
1051 2628 1154 2705 sedis,
1168 2628 1236 2692 *sub
1251 2627 1355 2692 certis

375 2739 376 2744 ’
411 2723 522 2788 modis
573 2731 610 2788 et
655 2725 910 2790 conditionibus
959 2733 1215 2802 concesserunt,
1262 2725 1355 2806 quod

412 2823 597 2888 electiones
620 2823 741 2888 fierent
760 2824 797 2888 in
818 2825 920 2890 dictis
942 2826 1097 2892 ecclesiis
1118 2844 1181 2908 per
1202 2823 1356 2906 capitulo

412 2923 609 3002 earundem,
631 2939 709 3005 quoe
734 2925 931 2990 ‘concessio
952 2922 1019 2988 fuit
1043 2943 1105 3005 per
1134 2923 1251 2989 sedem
1271 2939 1356 3009 epo-

412 3022 1112 3089 stclicemexcertasciontiaoonfismate.
1153 3022 1358 3089 Sedcontra

412 3119 558 3184 formem
589 3121 822 3185 concessionis
851 3128 887 3185 et
918 3121 1187 3187 confirmationis
1213 3121 1358 3202 praedic·

412 3225 538 3295 mrum,
572 3219 668 3284 dicta
703 3220 803 3286 sedes
839 3239 901 3302 per
929 3221 1180 3286 reservatione
1208 3228 1247 3284 et
1276 3236 1357 3302 pro-

412 3311 601 3380 v'miones'¹
629 3333 713 3382 snas
738 3318 843 3384 dictis
873 3319 1037 3402 capitulis
1067 3319 1252 3386 electiones
1284 3317 1358 3382 adi-

412 3415 476 3478 mit
498 3417 728 3497 supradictas,
751 3424 789 3482 et
815 3418 914 3481 nobis
933 3417 994 3500 jus
1022 3424 1059 3481 et
1081 3417 1359 3502 praemgativem,

412 3531 492 3593 quae
525 3513 633 3595 juxta
667 3515 812 3580 formam
846 3515 950 3580 dictae
985 3517 1229 3592 concessionis,
1259 3515 1360 3580 nobis

413 3618 615 3692 competunt
647 3613 686 3676 in
717 3612 783 3676 hec
816 3621 927 3695 porte,
955 3622 1098 3696 psopter
1122 3615 1227 3696 quod,
1250 3613 1359 3696 juxte

412 3707 523 3788 legem
549 3709 633 3775 dicti
657 3712 755 3792 regni
780 3714 902 3789 nostri,
917 3732 964 3778 ex
986 3732 1056 3794 qno
1078 3715 1137 3777 lex
1159 3715 1196 3776 in
1219 3731 1359 3776 coecas·

413 3807 510 3872 sione
534 3809 648 3890 posita
679 3829 748 3874 non
777 3819 947 3888 servatur,
970 3813 1148 3876 concessio
1175 3810 1363 3876 resolvitur

413 3914 449 3970 et
472 3926 529 3970 res
551 3914 681 3972 statum
710 3911 894 3974 revertitur
920 3911 955 3974 in
981 3912 1197 3993 primaevum.
1249 3909 1362 3991 Super

414 4007 601 4086 pneemissis
646 4008 765 4090 itaque
804 4009 968 4091 dignetur
1009 4027 1208 4093 quaesumus
1245 4015 1363 4090 vestre

678 4219 685 4250 ¹
702 4223 828 4284 supplied
840 4223 905 4273 froin
917 4224 1104 4286 Walsinghan.
