<?xml version="1.0" encoding="UTF-8"?>
<!DOCTYPE html PUBLIC "-//W3C//DTD XHTML 1.0 Transitional//EN"
    "http://www.w3.org/TR/xhtml1/DTD/xhtml1-transitional.dtd">
<html xmlns="http://www.w3.org/1999/xhtml" xml:lang="en" lang="en">
 <head>
  <title>
</title>
<meta http-equiv="Content-Type" content="text/html;charset=utf-8" />
  <meta name='ocr-system' content='tesseract 3.04.00' />
  <meta name='ocr-capabilities' content='ocr_page ocr_carea ocr_par ocr_line ocrx_word'/>
</head>
<body>
  <div class='ocr_page' id='page_1' title='image "./chronicondomini00hamigoog_0159.png"; bbox 0 0 3178 4992; ppageno 0'>
   <div class='ocr_carea' id='block_1_1' title="bbox 411 483 1160 549">
    <p class='ocr_par' dir='ltr' id='par_1_1' title="bbox 411 483 1160 549">
     <span class='ocr_line' id='line_1_1' title="bbox 411 483 1160 549; baseline 0.001 -1"><span class='ocrx_word' id='word_1_1' title='bbox 411 499 581 548; x_wconf 75' lang='lat' dir='ltr'><strong>waurnm</strong></span> <span class='ocrx_word' id='word_1_2' title='bbox 607 499 652 546; x_wconf 84' lang='lat' dir='ltr'><strong>nn</strong></span> <span class='ocrx_word' id='word_1_3' title='bbox 676 500 960 548; x_wconf 76' lang='lat' dir='ltr'><strong>namucensem.</strong></span> <span class='ocrx_word' id='word_1_4' title='bbox 1094 483 1160 549; x_wconf 86' lang='grc'><strong>145</strong></span> 
     </span>
    </p>
   </div>
   <div class='ocr_carea' id='block_1_2' title="bbox 207 655 1317 2030">
    <p class='ocr_par' dir='ltr' id='par_1_2' title="bbox 207 655 1317 1132">
     <span class='ocr_line' id='line_1_2' title="bbox 207 655 1304 758; baseline 0 -39"><span class='ocrx_word' id='word_1_5' title='bbox 207 666 397 738; x_wconf 77' lang='lat' dir='ltr'><strong>praesentes</strong></span> <span class='ocrx_word' id='word_1_6' title='bbox 423 655 534 721; x_wconf 89' lang='lat' dir='ltr'><strong>literae</strong></span> <span class='ocrx_word' id='word_1_7' title='bbox 560 657 790 739; x_wconf 81' lang='lat' dir='ltr'><strong>pervenerint,</strong></span> <span class='ocrx_word' id='word_1_8' title='bbox 815 657 974 722; x_wconf 84' lang='lat' dir='ltr'><strong>salntem.</strong></span> <span class='ocrx_word' id='word_1_9' title='bbox 1032 655 1158 721; x_wconf 86' lang='lat' dir='ltr'><strong>Sciatis</strong></span> <span class='ocrx_word' id='word_1_10' title='bbox 1182 668 1304 758; x_wconf 46' lang='lat' dir='ltr'><strong>{⁶¹5⁸ssss</strong></span> 
     </span>
     <span class='ocr_line' id='line_1_3' title="bbox 208 744 1317 854; baseline 0 -35"><span class='ocrx_word' id='word_1_11' title='bbox 208 773 272 819; x_wconf 90' lang='lat' dir='ltr'><strong>nos</strong></span> <span class='ocrx_word' id='word_1_12' title='bbox 304 757 442 819; x_wconf 89' lang='lat' dir='ltr'><strong>uomina</strong></span> <span class='ocrx_word' id='word_1_13' title='bbox 471 755 554 819; x_wconf 86' lang='lat' dir='ltr'><strong>dicti</strong></span> <span class='ocrx_word' id='word_1_14' title='bbox 581 757 685 838; x_wconf 81' lang='lat' dir='ltr'><strong>regia,</strong></span> <span class='ocrx_word' id='word_1_15' title='bbox 712 757 858 838; x_wconf 84' lang='lat' dir='ltr'><strong>priorem</strong></span> <span class='ocrx_word' id='word_1_16' title='bbox 889 763 925 820; x_wconf 91' lang='lat' dir='ltr'><strong>et</strong></span> <span class='ocrx_word' id='word_1_17' title='bbox 948 764 1155 820; x_wconf 87' lang='lat' dir='ltr'><strong>conventum</strong></span> <span class='ocrx_word' id='word_1_18' title='bbox 1169 744 1317 854; x_wconf 56' lang='lat' dir='ltr'>W</span> 
     </span>
     <span class='ocr_line' id='line_1_4' title="bbox 209 854 1275 933; baseline 0 -15"><span class='ocrx_word' id='word_1_19' title='bbox 209 855 251 919; x_wconf 93' lang='lat' dir='ltr'><strong>de</strong></span> <span class='ocrx_word' id='word_1_20' title='bbox 311 854 590 920; x_wconf 83' lang='lat' dir='ltr'><strong>Hexhildesham</strong></span> <span class='ocrx_word' id='word_1_21' title='bbox 644 857 680 918; x_wconf 93' lang='lat' dir='ltr'><strong>in</strong></span> <span class='ocrx_word' id='word_1_22' title='bbox 734 855 995 933; x_wconf 85' lang='lat' dir='ltr'><strong>Nerthumbria,</strong></span> <span class='ocrx_word' id='word_1_23' title='bbox 1045 864 1275 920; x_wconf 70' lang='lat' dir='ltr'><strong>terrasscoawd-</strong></span> 
     </span>
     <span class='ocr_line' id='line_1_5' title="bbox 210 955 1157 1035; baseline 0.003 -19"><span class='ocrx_word' id='word_1_24' title='bbox 210 973 305 1032; x_wconf 79' lang='lat' dir='ltr'><strong>suae,</strong></span> <span class='ocrx_word' id='word_1_25' title='bbox 325 955 483 1018; x_wconf 88' lang='lat' dir='ltr'><strong>homines</strong></span> <span class='ocrx_word' id='word_1_26' title='bbox 508 973 603 1032; x_wconf 89' lang='lat' dir='ltr'><strong>suos,</strong></span> <span class='ocrx_word' id='word_1_27' title='bbox 619 962 654 1018; x_wconf 88' lang='lat' dir='ltr'><strong>et</strong></span> <span class='ocrx_word' id='word_1_28' title='bbox 675 956 854 1018; x_wconf 87' lang='lat' dir='ltr'><strong>universas</strong></span> <span class='ocrx_word' id='word_1_29' title='bbox 881 974 999 1018; x_wconf 87' lang='lat' dir='ltr'><strong>eorum</strong></span> <span class='ocrx_word' id='word_1_30' title='bbox 1023 975 1157 1035; x_wconf 84' lang='lat' dir='ltr'><strong>posses·</strong></span> 
     </span>
     <span class='ocr_line' id='line_1_6' title="bbox 207 1054 1155 1132; baseline 0.002 -16"><span class='ocrx_word' id='word_1_31' title='bbox 207 1055 334 1132; x_wconf 83' lang='lat' dir='ltr'><strong>sienae,</strong></span> <span class='ocrx_word' id='word_1_32' title='bbox 349 1073 390 1117; x_wconf 90' lang='lat' dir='ltr'><strong>ac</strong></span> <span class='ocrx_word' id='word_1_33' title='bbox 409 1054 525 1118; x_wconf 91' lang='lat' dir='ltr'><strong>omnia</strong></span> <span class='ocrx_word' id='word_1_34' title='bbox 540 1055 632 1117; x_wconf 87' lang='lat' dir='ltr'><strong>bona</strong></span> <span class='ocrx_word' id='word_1_35' title='bbox 654 1072 718 1117; x_wconf 91' lang='lat' dir='ltr'><strong>sua</strong></span> <span class='ocrx_word' id='word_1_36' title='bbox 742 1055 882 1118; x_wconf 88' lang='lat' dir='ltr'><strong>mobilia</strong></span> <span class='ocrx_word' id='word_1_37' title='bbox 905 1061 940 1118; x_wconf 88' lang='lat' dir='ltr'><strong>et</strong></span> <span class='ocrx_word' id='word_1_38' title='bbox 955 1055 1155 1130; x_wconf 86' lang='lat' dir='ltr'><strong>immobilia,</strong></span> 
     </span>
    </p>

    <p class='ocr_par' dir='ltr' id='par_1_3' title="bbox 207 1153 1156 1236">
     <span class='ocr_line' id='line_1_7' title="bbox 207 1153 1156 1236; baseline 0 -20"><span class='ocrx_word' id='word_1_39' title='bbox 207 1156 271 1217; x_wconf 87' lang='lat' dir='ltr'><strong>sub</strong></span> <span class='ocrx_word' id='word_1_40' title='bbox 288 1154 386 1218; x_wconf 88' lang='lat' dir='ltr'><strong>firma</strong></span> <span class='ocrx_word' id='word_1_41' title='bbox 400 1171 486 1236; x_wconf 85' lang='lat' dir='ltr'><strong>pace</strong></span> <span class='ocrx_word' id='word_1_42' title='bbox 508 1160 545 1216; x_wconf 91' lang='lat' dir='ltr'><strong>et</strong></span> <span class='ocrx_word' id='word_1_43' title='bbox 557 1154 772 1234; x_wconf 89' lang='lat' dir='ltr'><strong>protectione</strong></span> <span class='ocrx_word' id='word_1_44' title='bbox 787 1155 896 1234; x_wconf 89' lang='lat' dir='ltr'><strong>ipsius</strong></span> <span class='ocrx_word' id='word_1_45' title='bbox 912 1154 1040 1216; x_wconf 91' lang='lat' dir='ltr'><strong>domini</strong></span> <span class='ocrx_word' id='word_1_46' title='bbox 1063 1153 1156 1236; x_wconf 82' lang='lat' dir='ltr'><strong>regis</strong></span> 
     </span>
    </p>

    <p class='ocr_par' dir='ltr' id='par_1_4' title="bbox 207 1252 1156 1534">
     <span class='ocr_line' id='line_1_8' title="bbox 208 1252 1154 1338; baseline 0 -22"><span class='ocrx_word' id='word_1_47' title='bbox 208 1260 243 1317; x_wconf 89' lang='lat' dir='ltr'><strong>et</strong></span> <span class='ocrx_word' id='word_1_48' title='bbox 268 1260 387 1317; x_wconf 89' lang='lat' dir='ltr'><strong>nostra</strong></span> <span class='ocrx_word' id='word_1_49' title='bbox 404 1253 499 1338; x_wconf 89' lang='lat' dir='ltr'><strong>juste</strong></span> <span class='ocrx_word' id='word_1_50' title='bbox 526 1253 728 1334; x_wconf 87' lang='lat' dir='ltr'><strong>suscepisse.</strong></span> <span class='ocrx_word' id='word_1_51' title='bbox 774 1252 893 1331; x_wconf 83' lang='lat' dir='ltr'><strong>Quare</strong></span> <span class='ocrx_word' id='word_1_52' title='bbox 916 1253 1058 1316; x_wconf 86' lang='lat' dir='ltr'><strong>firmiter</strong></span> <span class='ocrx_word' id='word_1_53' title='bbox 1075 1273 1154 1334; x_wconf 86' lang='lat' dir='ltr'><strong>pro·</strong></span> 
     </span>
     <span class='ocr_line' id='line_1_9' title="bbox 208 1351 1155 1435; baseline 0.002 -21"><span class='ocrx_word' id='word_1_54' title='bbox 208 1351 364 1416; x_wconf 88' lang='lat' dir='ltr'><strong>hibemns</strong></span> <span class='ocrx_word' id='word_1_55' title='bbox 387 1352 527 1435; x_wconf 90' lang='lat' dir='ltr'><strong>nequis</strong></span> <span class='ocrx_word' id='word_1_56' title='bbox 548 1352 597 1415; x_wconf 91' lang='lat' dir='ltr'><strong>eis</strong></span> <span class='ocrx_word' id='word_1_57' title='bbox 613 1351 648 1414; x_wconf 92' lang='lat' dir='ltr'><strong>in</strong></span> <span class='ocrx_word' id='word_1_58' title='bbox 665 1352 833 1434; x_wconf 90' lang='lat' dir='ltr'><strong>personis,</strong></span> <span class='ocrx_word' id='word_1_59' title='bbox 849 1352 950 1415; x_wconf 87' lang='lat' dir='ltr'><strong>terris</strong></span> <span class='ocrx_word' id='word_1_60' title='bbox 971 1371 1032 1416; x_wconf 89' lang='lat' dir='ltr'><strong>seu</strong></span> <span class='ocrx_word' id='word_1_61' title='bbox 1054 1353 1155 1416; x_wconf 89' lang='lat' dir='ltr'><strong>rebus</strong></span> 
     </span>
     <span class='ocr_line' id='line_1_10' title="bbox 207 1450 1156 1534; baseline -0.003 -17"><span class='ocrx_word' id='word_1_62' title='bbox 207 1451 349 1528; x_wconf 88' lang='lat' dir='ltr'><strong>malum,</strong></span> <span class='ocrx_word' id='word_1_63' title='bbox 375 1451 581 1527; x_wconf 80' lang='lat' dir='ltr'><strong>molestiam,</strong></span> <span class='ocrx_word' id='word_1_64' title='bbox 604 1450 765 1534; x_wconf 87' lang='lat' dir='ltr'><strong>injuriam</strong></span> <span class='ocrx_word' id='word_1_65' title='bbox 792 1471 853 1514; x_wconf 92' lang='lat' dir='ltr'><strong>seu</strong></span> <span class='ocrx_word' id='word_1_66' title='bbox 879 1470 1067 1533; x_wconf 81' lang='lat' dir='ltr'><strong>gravamen</strong></span> <span class='ocrx_word' id='word_1_67' title='bbox 1092 1451 1156 1514; x_wconf 86' lang='lat' dir='ltr'><strong>ali·</strong></span> 
     </span>
    </p>

    <p class='ocr_par' dir='ltr' id='par_1_5' title="bbox 208 1549 1154 1634">
     <span class='ocr_line' id='line_1_11' title="bbox 208 1549 1154 1634; baseline 0 -20"><span class='ocrx_word' id='word_1_68' title='bbox 208 1549 301 1632; x_wconf 89' lang='lat' dir='ltr'><strong>quod</strong></span> <span class='ocrx_word' id='word_1_69' title='bbox 322 1551 447 1614; x_wconf 79' lang='lat' dir='ltr'><strong>infame</strong></span> <span class='ocrx_word' id='word_1_70' title='bbox 472 1559 673 1634; x_wconf 89' lang='lat' dir='ltr'><strong>praesumat,</strong></span> <span class='ocrx_word' id='word_1_71' title='bbox 696 1570 801 1634; x_wconf 89' lang='lat' dir='ltr'><strong>super</strong></span> <span class='ocrx_word' id='word_1_72' title='bbox 822 1550 978 1634; x_wconf 90' lang='lat' dir='ltr'><strong>plenaria</strong></span> <span class='ocrx_word' id='word_1_73' title='bbox 999 1551 1154 1614; x_wconf 83' lang='lat' dir='ltr'><strong>forisfac-</strong></span> 
     </span>
    </p>

    <p class='ocr_par' dir='ltr' id='par_1_6' title="bbox 210 1650 1157 1733">
     <span class='ocr_line' id='line_1_12' title="bbox 210 1650 1157 1733; baseline -0.001 -19"><span class='ocrx_word' id='word_1_74' title='bbox 210 1657 289 1715; x_wconf 91' lang='lat' dir='ltr'><strong>tura</strong></span> <span class='ocrx_word' id='word_1_75' title='bbox 319 1651 429 1733; x_wconf 88' lang='lat' dir='ltr'><strong>ipsius</strong></span> <span class='ocrx_word' id='word_1_76' title='bbox 458 1651 587 1715; x_wconf 90' lang='lat' dir='ltr'><strong>domini</strong></span> <span class='ocrx_word' id='word_1_77' title='bbox 619 1651 723 1732; x_wconf 75' lang='lat' dir='ltr'><strong>regis,</strong></span> <span class='ocrx_word' id='word_1_78' title='bbox 754 1656 815 1714; x_wconf 91' lang='lat' dir='ltr'><strong>aut</strong></span> <span class='ocrx_word' id='word_1_79' title='bbox 847 1657 991 1714; x_wconf 86' lang='lat' dir='ltr'><strong>mortem</strong></span> <span class='ocrx_word' id='word_1_80' title='bbox 1022 1651 1072 1715; x_wconf 89' lang='lat' dir='ltr'><strong>eis</strong></span> <span class='ocrx_word' id='word_1_81' title='bbox 1100 1650 1157 1714; x_wconf 86' lang='lat' dir='ltr'><strong>vel</strong></span> 
     </span>
    </p>

    <p class='ocr_par' dir='ltr' id='par_1_7' title="bbox 209 1749 1156 1832">
     <span class='ocr_line' id='line_1_13' title="bbox 209 1749 1156 1832; baseline 0 -18"><span class='ocrx_word' id='word_1_82' title='bbox 209 1751 312 1815; x_wconf 88' lang='lat' dir='ltr'><strong>alicui</strong></span> <span class='ocrx_word' id='word_1_83' title='bbox 335 1770 453 1814; x_wconf 89' lang='lat' dir='ltr'><strong>eorum</strong></span> <span class='ocrx_word' id='word_1_84' title='bbox 483 1749 620 1827; x_wconf 89' lang='lat' dir='ltr'><strong>inferat,</strong></span> <span class='ocrx_word' id='word_1_85' title='bbox 644 1751 708 1813; x_wconf 91' lang='lat' dir='ltr'><strong>sub</strong></span> <span class='ocrx_word' id='word_1_86' title='bbox 730 1768 836 1832; x_wconf 86' lang='lat' dir='ltr'><strong>poena</strong></span> <span class='ocrx_word' id='word_1_87' title='bbox 862 1750 1057 1814; x_wconf 87' lang='lat' dir='ltr'><strong>amissionis</strong></span> <span class='ocrx_word' id='word_1_88' title='bbox 1074 1751 1156 1814; x_wconf 87' lang='lat' dir='ltr'><strong>vitae</strong></span> 
     </span>
    </p>

    <p class='ocr_par' dir='ltr' id='par_1_8' title="bbox 210 1848 1289 2030">
     <span class='ocr_line' id='line_1_14' title="bbox 212 1848 1156 1931; baseline 0 -19"><span class='ocrx_word' id='word_1_89' title='bbox 212 1857 247 1914; x_wconf 89' lang='lat' dir='ltr'><strong>et</strong></span> <span class='ocrx_word' id='word_1_90' title='bbox 256 1851 499 1914; x_wconf 85' lang='lat' dir='ltr'><strong>membrorum.</strong></span> <span class='ocrx_word' id='word_1_91' title='bbox 533 1848 770 1913; x_wconf 86' lang='lat' dir='ltr'><strong>Praesentibus</strong></span> <span class='ocrx_word' id='word_1_92' title='bbox 786 1855 865 1931; x_wconf 89' lang='lat' dir='ltr'><strong>post</strong></span> <span class='ocrx_word' id='word_1_93' title='bbox 879 1868 1006 1913; x_wconf 88' lang='lat' dir='ltr'><strong>annum</strong></span> <span class='ocrx_word' id='word_1_94' title='bbox 1018 1849 1156 1912; x_wconf 91' lang='lat' dir='ltr'><strong>minime</strong></span> 
     </span>
     <span class='ocr_line' id='line_1_15' title="bbox 210 1947 1289 2030; baseline -0.002 -18"><span class='ocrx_word' id='word_1_95' title='bbox 210 1949 378 2013; x_wconf 87' lang='lat' dir='ltr'><strong>valituris.</strong></span> <span class='ocrx_word' id='word_1_96' title='bbox 432 1949 564 2013; x_wconf 88' lang='lat' dir='ltr'><strong>Datum</strong></span> <span class='ocrx_word' id='word_1_97' title='bbox 590 1947 682 2030; x_wconf 88' lang='lat' dir='ltr'><strong>apud</strong></span> <span class='ocrx_word' id='word_1_98' title='bbox 713 1947 992 2012; x_wconf 83' lang='lat' dir='ltr'><strong>Hexhildesham</strong></span> <span class='ocrx_word' id='word_1_99' title='bbox 1009 1964 1072 2011; x_wconf 82' lang='lat' dir='ltr'><strong>vn.</strong></span> <span class='ocrx_word' id='word_1_100' title='bbox 1101 1949 1289 2020; x_wconf 62' lang='lat' dir='ltr'><strong>diemmney.</strong></span> 
     </span>
    </p>
   </div>
   <div class='ocr_carea' id='block_1_3' title="bbox 211 2021 1256 2113">
    <p class='ocr_par' dir='ltr' id='par_1_9' title="bbox 211 2021 1256 2113">
     <span class='ocr_line' id='line_1_16' title="bbox 211 2021 1256 2113; baseline -0.003 0"><span class='ocrx_word' id='word_1_101' title='bbox 211 2047 432 2113; x_wconf 88' lang='lat' dir='ltr'><strong>Novembris.</strong></span> <span class='ocrx_word' id='word_1_102' title='bbox 1171 2021 1256 2062; x_wconf 57' lang='lat' dir='ltr'><strong>&#39;W&#39;</strong></span> 
     </span>
    </p>
   </div>
   <div class='ocr_carea' id='block_1_4' title="bbox 506 2269 858 2339">
    <p class='ocr_par' dir='ltr' id='par_1_10' title="bbox 506 2269 858 2339">
     <span class='ocr_line' id='line_1_17' title="bbox 506 2269 858 2339; baseline -0.006 -1"><span class='ocrx_word' id='word_1_103' title='bbox 506 2273 605 2339; x_wconf 78' lang='lat' dir='ltr'><strong>‘Item</strong></span> <span class='ocrx_word' id='word_1_104' title='bbox 619 2273 692 2338; x_wconf 71' lang='lat' dir='ltr'><strong>ulier</strong></span> <span class='ocrx_word' id='word_1_105' title='bbox 706 2269 858 2338; x_wconf 77' lang='lat' dir='ltr'><strong>Literae.’¹</strong></span> 
     </span>
    </p>
   </div>
   <div class='ocr_carea' id='block_1_5' title="bbox 212 2444 1162 2729">
    <p class='ocr_par' dir='ltr' id='par_1_11' title="bbox 212 2444 1162 2729">
     <span class='ocr_line' id='line_1_18' title="bbox 261 2444 1159 2531; baseline -0.001 -20"><span class='ocrx_word' id='word_1_106' title='bbox 261 2444 474 2526; x_wconf 73' lang='lat' dir='ltr'><strong>‘Andreas,&#39;²</strong></span> <span class='ocrx_word' id='word_1_107' title='bbox 511 2455 579 2512; x_wconf 88' lang='lat' dir='ltr'><strong>etc.</strong></span> <span class='ocrx_word' id='word_1_108' title='bbox 650 2447 778 2512; x_wconf 88' lang='lat' dir='ltr'><strong>Sciatis</strong></span> <span class='ocrx_word' id='word_1_109' title='bbox 814 2447 907 2531; x_wconf 87' lang='lat' dir='ltr'><strong>quod</strong></span> <span class='ocrx_word' id='word_1_110' title='bbox 944 2447 1159 2530; x_wconf 86' lang='lat' dir='ltr'><strong>suscepimus</strong></span> 
     </span>
     <span class='ocr_line' id='line_1_19' title="bbox 214 2545 1162 2614; baseline 0.002 -6"><span class='ocrx_word' id='word_1_111' title='bbox 214 2562 319 2609; x_wconf 90' lang='lat' dir='ltr'><strong>unum</strong></span> <span class='ocrx_word' id='word_1_112' title='bbox 353 2547 555 2612; x_wconf 87' lang='lat' dir='ltr'><strong>canonicum</strong></span> <span class='ocrx_word' id='word_1_113' title='bbox 595 2545 639 2610; x_wconf 90' lang='lat' dir='ltr'><strong>de</strong></span> <span class='ocrx_word' id='word_1_114' title='bbox 672 2547 950 2612; x_wconf 84' lang='lat' dir='ltr'><strong>Hexhildesham</strong></span> <span class='ocrx_word' id='word_1_115' title='bbox 983 2566 1062 2614; x_wconf 87' lang='lat' dir='ltr'><strong>cnm</strong></span> <span class='ocrx_word' id='word_1_116' title='bbox 1095 2565 1162 2611; x_wconf 86' lang='lat' dir='ltr'><strong>sno</strong></span> 
     </span>
     <span class='ocr_line' id='line_1_20' title="bbox 212 2647 1162 2729; baseline 0.003 -21"><span class='ocrx_word' id='word_1_117' title='bbox 212 2647 381 2729; x_wconf 80' lang='lat' dir='ltr'><strong>armigero</strong></span> <span class='ocrx_word' id='word_1_118' title='bbox 410 2656 445 2711; x_wconf 89' lang='lat' dir='ltr'><strong>et</strong></span> <span class='ocrx_word' id='word_1_119' title='bbox 468 2648 602 2711; x_wconf 88' lang='lat' dir='ltr'><strong>duobus</strong></span> <span class='ocrx_word' id='word_1_120' title='bbox 628 2648 767 2710; x_wconf 84' lang='lat' dir='ltr'><strong>famulis</strong></span> <span class='ocrx_word' id='word_1_121' title='bbox 789 2648 875 2724; x_wconf 88' lang='lat' dir='ltr'><strong>suis,</strong></span> <span class='ocrx_word' id='word_1_122' title='bbox 899 2647 937 2710; x_wconf 92' lang='lat' dir='ltr'><strong>in</strong></span> <span class='ocrx_word' id='word_1_123' title='bbox 961 2647 1098 2712; x_wconf 89' lang='lat' dir='ltr'><strong>salvum</strong></span> <span class='ocrx_word' id='word_1_124' title='bbox 1126 2653 1162 2712; x_wconf 89' lang='lat' dir='ltr'><strong>et</strong></span> 
     </span>
    </p>
   </div>
   <div class='ocr_carea' id='block_1_6' title="bbox 116 2745 1161 2828">
    <p class='ocr_par' dir='ltr' id='par_1_12' title="bbox 116 2745 1161 2828">
     <span class='ocr_line' id='line_1_21' title="bbox 116 2745 1161 2828; baseline 0.002 -21"><span class='ocrx_word' id='word_1_125' title='bbox 116 2787 119 2792; x_wconf 33' lang='grc' dir='ltr'>ι</span> <span class='ocrx_word' id='word_1_126' title='bbox 212 2763 368 2809; x_wconf 85' lang='lat' dir='ltr'><strong>securum</strong></span> <span class='ocrx_word' id='word_1_127' title='bbox 393 2747 602 2810; x_wconf 87' lang='lat' dir='ltr'><strong>conductum</strong></span> <span class='ocrx_word' id='word_1_128' title='bbox 624 2747 717 2828; x_wconf 81' lang='lat' dir='ltr'><strong>regis</strong></span> <span class='ocrx_word' id='word_1_129' title='bbox 739 2747 849 2810; x_wconf 88' lang='lat' dir='ltr'><strong>nostri</strong></span> <span class='ocrx_word' id='word_1_130' title='bbox 875 2752 910 2810; x_wconf 88' lang='lat' dir='ltr'><strong>et</strong></span> <span class='ocrx_word' id='word_1_131' title='bbox 928 2754 1096 2823; x_wconf 88' lang='lat' dir='ltr'><strong>nostrum,</strong></span> <span class='ocrx_word' id='word_1_132' title='bbox 1117 2745 1161 2809; x_wconf 87' lang='lat' dir='ltr'><strong>ad</strong></span> 
     </span>
    </p>
   </div>
   <div class='ocr_carea' id='block_1_7' title="bbox 180 2844 1169 4098">
    <p class='ocr_par' dir='ltr' id='par_1_13' title="bbox 180 2844 1169 4098">
     <span class='ocr_line' id='line_1_22' title="bbox 213 2844 1163 2927; baseline 0.004 -21"><span class='ocrx_word' id='word_1_133' title='bbox 213 2844 416 2909; x_wconf 87' lang='lat' dir='ltr'><strong>veniendum</strong></span> <span class='ocrx_word' id='word_1_134' title='bbox 439 2847 485 2909; x_wconf 93' lang='lat' dir='ltr'><strong>ad</strong></span> <span class='ocrx_word' id='word_1_135' title='bbox 507 2864 571 2909; x_wconf 88' lang='lat' dir='ltr'><strong>nos</strong></span> <span class='ocrx_word' id='word_1_136' title='bbox 591 2847 787 2927; x_wconf 86' lang='lat' dir='ltr'><strong>ubicunque</strong></span> <span class='ocrx_word' id='word_1_137' title='bbox 809 2845 988 2921; x_wconf 85' lang='lat' dir='ltr'><strong>fuerimus,</strong></span> <span class='ocrx_word' id='word_1_138' title='bbox 1006 2845 1163 2927; x_wconf 87' lang='lat' dir='ltr'><strong>quando-</strong></span> 
     </span>
     <span class='ocr_line' id='line_1_23' title="bbox 213 2943 1161 3026; baseline 0 -20"><span class='ocrx_word' id='word_1_139' title='bbox 213 2961 348 3025; x_wconf 88' lang='lat' dir='ltr'><strong>cunque</strong></span> <span class='ocrx_word' id='word_1_140' title='bbox 365 2963 506 3008; x_wconf 87' lang='lat' dir='ltr'><strong>necesse</strong></span> <span class='ocrx_word' id='word_1_141' title='bbox 527 2944 631 3007; x_wconf 81' lang='lat' dir='ltr'><strong>fuerit</strong></span> <span class='ocrx_word' id='word_1_142' title='bbox 647 2952 682 3007; x_wconf 91' lang='lat' dir='ltr'><strong>et</strong></span> <span class='ocrx_word' id='word_1_143' title='bbox 697 2944 884 3026; x_wconf 86' lang='lat' dir='ltr'><strong>expediens</strong></span> <span class='ocrx_word' id='word_1_144' title='bbox 906 2944 1009 3008; x_wconf 86' lang='lat' dir='ltr'><strong>dictae</strong></span> <span class='ocrx_word' id='word_1_145' title='bbox 1034 2943 1161 3007; x_wconf 91' lang='lat' dir='ltr'><strong>domui.</strong></span> 
     </span>
     <span class='ocr_line' id='line_1_24' title="bbox 213 3040 1164 3123; baseline 0.001 -19"><span class='ocrx_word' id='word_1_146' title='bbox 213 3042 260 3105; x_wconf 88' lang='lat' dir='ltr'><strong>Et</strong></span> <span class='ocrx_word' id='word_1_147' title='bbox 275 3043 353 3106; x_wconf 89' lang='lat' dir='ltr'><strong>iden</strong></span> <span class='ocrx_word' id='word_1_148' title='bbox 378 3044 477 3106; x_wconf 85' lang='lat' dir='ltr'><strong>vobis</strong></span> <span class='ocrx_word' id='word_1_149' title='bbox 502 3043 660 3105; x_wconf 90' lang='lat' dir='ltr'><strong>omnibus</strong></span> <span class='ocrx_word' id='word_1_150' title='bbox 685 3050 721 3105; x_wconf 88' lang='lat' dir='ltr'><strong>et</strong></span> <span class='ocrx_word' id='word_1_151' title='bbox 743 3043 902 3123; x_wconf 87' lang='lat' dir='ltr'><strong>singulis,</strong></span> <span class='ocrx_word' id='word_1_152' title='bbox 917 3041 1056 3105; x_wconf 91' lang='lat' dir='ltr'><strong>nomine</strong></span> <span class='ocrx_word' id='word_1_153' title='bbox 1081 3040 1164 3105; x_wconf 86' lang='lat' dir='ltr'><strong>dicti</strong></span> 
     </span>
     <span class='ocr_line' id='line_1_25' title="bbox 212 3139 1163 3223; baseline -0.001 -19"><span class='ocrx_word' id='word_1_154' title='bbox 212 3141 342 3204; x_wconf 92' lang='lat' dir='ltr'><strong>domini</strong></span> <span class='ocrx_word' id='word_1_155' title='bbox 379 3141 484 3222; x_wconf 83' lang='lat' dir='ltr'><strong>regis,</strong></span> <span class='ocrx_word' id='word_1_156' title='bbox 518 3141 736 3217; x_wconf 88' lang='lat' dir='ltr'><strong>mandamus,</strong></span> <span class='ocrx_word' id='word_1_157' title='bbox 766 3141 909 3203; x_wconf 88' lang='lat' dir='ltr'><strong>firmiter</strong></span> <span class='ocrx_word' id='word_1_158' title='bbox 941 3139 1163 3223; x_wconf 85' lang='lat' dir='ltr'><strong>injungentes</strong></span> 
     </span>
     <span class='ocr_line' id='line_1_26' title="bbox 212 3237 1164 3322; baseline 0 -20"><span class='ocrx_word' id='word_1_159' title='bbox 212 3239 377 3322; x_wconf 87' lang='lat' dir='ltr'><strong>quatinus</strong></span> <span class='ocrx_word' id='word_1_160' title='bbox 407 3258 485 3303; x_wconf 88' lang='lat' dir='ltr'><strong>cum</strong></span> <span class='ocrx_word' id='word_1_161' title='bbox 516 3239 643 3320; x_wconf 88' lang='lat' dir='ltr'><strong>aliquis</strong></span> <span class='ocrx_word' id='word_1_162' title='bbox 676 3240 862 3304; x_wconf 89' lang='lat' dir='ltr'><strong>canonicus</strong></span> <span class='ocrx_word' id='word_1_163' title='bbox 900 3239 1002 3302; x_wconf 87' lang='lat' dir='ltr'><strong>dictae</strong></span> <span class='ocrx_word' id='word_1_164' title='bbox 1040 3237 1164 3302; x_wconf 88' lang='lat' dir='ltr'><strong>domus</strong></span> 
     </span>
     <span class='ocr_line' id='line_1_27' title="bbox 212 3337 1164 3422; baseline 0 -21"><span class='ocrx_word' id='word_1_165' title='bbox 212 3358 291 3402; x_wconf 88' lang='lat' dir='ltr'><strong>cum</strong></span> <span class='ocrx_word' id='word_1_166' title='bbox 306 3340 475 3422; x_wconf 84' lang='lat' dir='ltr'><strong>praedictn</strong></span> <span class='ocrx_word' id='word_1_167' title='bbox 491 3337 663 3419; x_wconf 84' lang='lat' dir='ltr'><strong>armigero</strong></span> <span class='ocrx_word' id='word_1_168' title='bbox 681 3346 715 3402; x_wconf 88' lang='lat' dir='ltr'><strong>et</strong></span> <span class='ocrx_word' id='word_1_169' title='bbox 731 3338 871 3401; x_wconf 84' lang='lat' dir='ltr'><strong>famulis</strong></span> <span class='ocrx_word' id='word_1_170' title='bbox 889 3338 961 3401; x_wconf 92' lang='lat' dir='ltr'><strong>suis</strong></span> <span class='ocrx_word' id='word_1_171' title='bbox 974 3346 1164 3420; x_wconf 78' lang='lat' dir='ltr'><strong>praesentes</strong></span> 
     </span>
     <span class='ocr_line' id='line_1_28' title="bbox 180 3437 1166 3502; baseline -0.002 -1"><span class='ocrx_word' id='word_1_172' title='bbox 180 3442 184 3448; x_wconf 85' lang='lat'>&#39;</span> <span class='ocrx_word' id='word_1_173' title='bbox 212 3439 332 3502; x_wconf 89' lang='lat' dir='ltr'><strong>literas</strong></span> <span class='ocrx_word' id='word_1_174' title='bbox 350 3458 468 3502; x_wconf 86' lang='lat' dir='ltr'><strong>secum</strong></span> <span class='ocrx_word' id='word_1_175' title='bbox 484 3438 616 3501; x_wconf 88' lang='lat' dir='ltr'><strong>habens</strong></span> <span class='ocrx_word' id='word_1_176' title='bbox 632 3456 738 3502; x_wconf 79' lang='lat' dir='ltr'><strong>causa</strong></span> <span class='ocrx_word' id='word_1_177' title='bbox 762 3437 919 3501; x_wconf 91' lang='lat' dir='ltr'><strong>veniendi</strong></span> <span class='ocrx_word' id='word_1_178' title='bbox 937 3437 979 3500; x_wconf 88' lang='lat' dir='ltr'><strong>ad</strong></span> <span class='ocrx_word' id='word_1_179' title='bbox 996 3455 1059 3500; x_wconf 89' lang='lat' dir='ltr'><strong>nos</strong></span> <span class='ocrx_word' id='word_1_180' title='bbox 1075 3437 1166 3501; x_wconf 83' lang='lat' dir='ltr'><strong>inter</strong></span> 
     </span>
     <span class='ocr_line' id='line_1_29' title="bbox 213 3536 1166 3620; baseline -0.001 -20"><span class='ocrx_word' id='word_1_181' title='bbox 213 3555 276 3601; x_wconf 86' lang='lat' dir='ltr'><strong>vos</strong></span> <span class='ocrx_word' id='word_1_182' title='bbox 295 3538 438 3613; x_wconf 87' lang='lat' dir='ltr'><strong>venerit,</strong></span> <span class='ocrx_word' id='word_1_183' title='bbox 456 3538 551 3620; x_wconf 88' lang='lat' dir='ltr'><strong>ipsos</strong></span> <span class='ocrx_word' id='word_1_184' title='bbox 567 3537 631 3600; x_wconf 91' lang='lat' dir='ltr'><strong>sub</strong></span> <span class='ocrx_word' id='word_1_185' title='bbox 655 3538 754 3601; x_wconf 89' lang='lat' dir='ltr'><strong>salva</strong></span> <span class='ocrx_word' id='word_1_186' title='bbox 770 3537 929 3601; x_wconf 88' lang='lat' dir='ltr'><strong>custodia</strong></span> <span class='ocrx_word' id='word_1_187' title='bbox 952 3536 997 3600; x_wconf 88' lang='lat' dir='ltr'><strong>ad</strong></span> <span class='ocrx_word' id='word_1_188' title='bbox 1018 3555 1083 3600; x_wconf 86' lang='lat' dir='ltr'><strong>nos</strong></span> <span class='ocrx_word' id='word_1_189' title='bbox 1103 3536 1166 3599; x_wconf 92' lang='lat' dir='ltr'><strong>du-</strong></span> 
     </span>
     <span class='ocr_line' id='line_1_30' title="bbox 214 3636 1167 3718; baseline -0.001 -19"><span class='ocrx_word' id='word_1_190' title='bbox 214 3637 313 3714; x_wconf 89' lang='lat' dir='ltr'><strong>catis,</strong></span> <span class='ocrx_word' id='word_1_191' title='bbox 328 3637 378 3700; x_wconf 89' lang='lat' dir='ltr'><strong>ita</strong></span> <span class='ocrx_word' id='word_1_192' title='bbox 394 3637 486 3718; x_wconf 90' lang='lat' dir='ltr'><strong>quod</strong></span> <span class='ocrx_word' id='word_1_193' title='bbox 512 3636 627 3699; x_wconf 88' lang='lat' dir='ltr'><strong>nullus</strong></span> <span class='ocrx_word' id='word_1_194' title='bbox 651 3655 711 3700; x_wconf 86' lang='lat' dir='ltr'><strong>eos</strong></span> <span class='ocrx_word' id='word_1_195' title='bbox 736 3637 770 3699; x_wconf 91' lang='lat' dir='ltr'><strong>in</strong></span> <span class='ocrx_word' id='word_1_196' title='bbox 792 3637 958 3718; x_wconf 57' lang='lat' dir='ltr'><strong>personisv</strong></span> <span class='ocrx_word' id='word_1_197' title='bbox 975 3653 1037 3699; x_wconf 90' lang='lat' dir='ltr'><strong>seu</strong></span> <span class='ocrx_word' id='word_1_198' title='bbox 1063 3637 1167 3698; x_wconf 88' lang='lat' dir='ltr'><strong>rebus</strong></span> 
     </span>
     <span class='ocr_line' id='line_1_31' title="bbox 213 3734 1166 3819; baseline -0.001 -21"><span class='ocrx_word' id='word_1_199' title='bbox 213 3736 374 3800; x_wconf 86' lang='lat' dir='ltr'><strong>molestet</strong></span> <span class='ocrx_word' id='word_1_200' title='bbox 398 3736 433 3800; x_wconf 92' lang='lat' dir='ltr'><strong>in</strong></span> <span class='ocrx_word' id='word_1_201' title='bbox 460 3736 591 3818; x_wconf 87' lang='lat' dir='ltr'><strong>aliquo,</strong></span> <span class='ocrx_word' id='word_1_202' title='bbox 614 3738 680 3799; x_wconf 89' lang='lat' dir='ltr'><strong>sub</strong></span> <span class='ocrx_word' id='word_1_203' title='bbox 707 3737 800 3817; x_wconf 85' lang='lat' dir='ltr'><strong>regis</strong></span> <span class='ocrx_word' id='word_1_204' title='bbox 825 3735 982 3819; x_wconf 88' lang='lat' dir='ltr'><strong>plenaria</strong></span> <span class='ocrx_word' id='word_1_205' title='bbox 1007 3734 1166 3798; x_wconf 84' lang='lat' dir='ltr'><strong>forisfac-</strong></span> 
     </span>
     <span class='ocr_line' id='line_1_32' title="bbox 214 3833 1168 3912; baseline -0.003 -14"><span class='ocrx_word' id='word_1_206' title='bbox 214 3844 305 3912; x_wconf 84' lang='lat' dir='ltr'><strong>tura,</strong></span> <span class='ocrx_word' id='word_1_207' title='bbox 333 3843 395 3898; x_wconf 92' lang='lat' dir='ltr'><strong>ant</strong></span> <span class='ocrx_word' id='word_1_208' title='bbox 420 3844 566 3899; x_wconf 88' lang='lat' dir='ltr'><strong>mortem</strong></span> <span class='ocrx_word' id='word_1_209' title='bbox 591 3834 641 3897; x_wconf 90' lang='lat' dir='ltr'><strong>eis</strong></span> <span class='ocrx_word' id='word_1_210' title='bbox 665 3835 722 3898; x_wconf 86' lang='lat' dir='ltr'><strong>val</strong></span> <span class='ocrx_word' id='word_1_211' title='bbox 749 3834 853 3898; x_wconf 88' lang='lat' dir='ltr'><strong>alicui</strong></span> <span class='ocrx_word' id='word_1_212' title='bbox 881 3853 999 3899; x_wconf 88' lang='lat' dir='ltr'><strong>eorum</strong></span> <span class='ocrx_word' id='word_1_213' title='bbox 1030 3833 1168 3908; x_wconf 81' lang='lat' dir='ltr'><strong>inferat,</strong></span> 
     </span>
     <span class='ocr_line' id='line_1_33' title="bbox 212 3930 1169 4017; baseline -0.002 -21"><span class='ocrx_word' id='word_1_214' title='bbox 212 3936 276 3998; x_wconf 89' lang='lat' dir='ltr'><strong>snb</strong></span> <span class='ocrx_word' id='word_1_215' title='bbox 291 3954 398 4017; x_wconf 86' lang='lat' dir='ltr'><strong>poena</strong></span> <span class='ocrx_word' id='word_1_216' title='bbox 414 3934 611 3999; x_wconf 89' lang='lat' dir='ltr'><strong>amissionis</strong></span> <span class='ocrx_word' id='word_1_217' title='bbox 626 3934 709 3998; x_wconf 85' lang='lat' dir='ltr'><strong>vitae</strong></span> <span class='ocrx_word' id='word_1_218' title='bbox 726 3942 761 3998; x_wconf 92' lang='lat' dir='ltr'><strong>et</strong></span> <span class='ocrx_word' id='word_1_219' title='bbox 778 3936 1022 3997; x_wconf 85' lang='lat' dir='ltr'><strong>membrorum.</strong></span> <span class='ocrx_word' id='word_1_220' title='bbox 1073 3930 1169 3994; x_wconf 85' lang='lat' dir='ltr'><strong>Prae·</strong></span> 
     </span>
     <span class='ocr_line' id='line_1_34' title="bbox 213 4031 1027 4098; baseline -0.005 -3"><span class='ocrx_word' id='word_1_221' title='bbox 213 4035 369 4098; x_wconf 84' lang='lat' dir='ltr'><strong>sentibus</strong></span> <span class='ocrx_word' id='word_1_222' title='bbox 384 4035 426 4097; x_wconf 91' lang='lat' dir='ltr'><strong>ad</strong></span> <span class='ocrx_word' id='word_1_223' title='bbox 441 4034 657 4098; x_wconf 89' lang='lat' dir='ltr'><strong>voluntatem</strong></span> <span class='ocrx_word' id='word_1_224' title='bbox 669 4039 823 4097; x_wconf 85' lang='lat' dir='ltr'><strong>nostram</strong></span> <span class='ocrx_word' id='word_1_225' title='bbox 838 4031 1027 4095; x_wconf 91' lang='lat' dir='ltr'><strong>duraturis.</strong></span> 
     </span>
    </p>
   </div>
   <div class='ocr_carea' id='block_1_8' title="bbox 216 4168 1126 4312">
    <p class='ocr_par' dir='ltr' id='par_1_14' title="bbox 216 4168 1126 4312">
     <span class='ocr_line' id='line_1_35' title="bbox 216 4168 1126 4312; baseline -0.041 -62"><span class='ocrx_word' id='word_1_226' title='bbox 216 4189 381 4312; x_wconf 37' lang='lat' dir='ltr'><strong>cgss‘lpxitrppae</strong></span> <span class='ocrx_word' id='word_1_227' title='bbox 406 4190 592 4252; x_wconf 84' lang='lat' dir='ltr'><strong>Protectoriae,&#39;</strong></span> <span class='ocrx_word' id='word_1_228' title='bbox 621 4191 679 4242; x_wconf 89' lang='lat' dir='ltr'><strong>MS.</strong></span> <span class='ocrx_word' id='word_1_229' title='bbox 739 4168 1126 4283; x_wconf 65' lang='lat' dir='ltr'><strong>&#39;‘Ataxander,¹Ms.1,md,</strong></span> 
     </span>
    </p>
   </div>
   <div class='ocr_carea' id='block_1_9' title="bbox 265 4369 1018 4425">
    <p class='ocr_par' dir='ltr' id='par_1_15' title="bbox 265 4369 1018 4425">
     <span class='ocr_line' id='line_1_36' title="bbox 265 4369 1018 4425; baseline -0.011 -2"><span class='ocrx_word' id='word_1_230' title='bbox 265 4376 345 4424; x_wconf 80' lang='lat' dir='ltr'>VOL.</span> <span class='ocrx_word' id='word_1_231' title='bbox 364 4377 405 4425; x_wconf 90' lang='lat'><strong>11.</strong></span> <span class='ocrx_word' id='word_1_232' title='bbox 997 4369 1018 4415; x_wconf 81' lang='lat' dir='ltr'>L</span> 
     </span>
    </p>
   </div>
   <div class='ocr_carea' id='block_1_10' title="bbox 0 0 1606 4992">
    <p class='ocr_par' dir='ltr' id='par_1_16' title="bbox 0 0 1606 4992">
     <span class='ocr_line' id='line_1_37' title="bbox 0 0 1606 4992; baseline 0 0"><span class='ocrx_word' id='word_1_233' title='bbox 0 0 1606 4992; x_wconf 95' lang='lat' dir='ltr'><strong> </strong></span> 
     </span>
    </p>
   </div>
  </div>
 </body>
</html>
