3144 4990
405 461 472 529 886
771 473 980 526 orrueruoou

1548 135 1549 170 l

247 650 338 697 rrum
352 651 395 697 ¹1¹
409 637 485 722 ejus
508 635 747 701 voluntatibus
777 653 840 717 per
872 634 988 698 omnia
1019 633 1272 716 adquievimus,
1300 652 1358 698 so·

242 702 392 837 {xi-D}
410 737 566 820 pbislicee
589 733 784 800 dilectionis
810 733 945 810 neem,
961 734 1041 797 fuco
1063 734 1237 797 mendacis
1257 735 1357 797 bene
1548 795 1549 848 1

245 800 398 937 ζ’·ζὲῗξξξζῐ
410 834 572 901 velentiae
595 834 788 918 palliatam,
808 853 903 897 more
926 833 1066 922 patris
1063 833 1233 909 amabilis,
1258 835 1357 896 nobis

246 935 372 979 ⁰¹¹¹l⁰⁶⁰¹¹
383 898 624 1018 pretendere
652 933 843 1009 consuevit,
871 932 1027 997 subito
1017 953 1052 996 rn
1080 932 1240 996 vitricum
1274 951 1357 996 oue-

410 1051 528 1100 rosum
562 1041 597 1098 et
630 1036 818 1116 gravamen
854 1033 1038 1099 emdeliter
1072 1040 1127 1096 est
1157 1049 1357 1108 conversus,

411 1152 475 1217 pro
505 1133 679 1198 beneficiis
705 1132 859 1214 acceptis
885 1131 1056 1213 ingratus,
1081 1133 1226 1194 tumoris
1260 1146 1357 1194 arro-

411 1233 531 1316 gantia
561 1231 763 1297 beneficium
800 1232 1027 1314 persequitur,
1064 1237 1099 1294 et
1132 1231 1229 1294 illam
1259 1229 1359 1294 nobis

412 1331 680 1397 retributionem·
697 1329 858 1406 reddidit,
873 1347 990 1413 quam,
1002 1331 1108 1413 juxta
1122 1330 1266 1410 vulgare
1280 1345 1361 1412 pro·

413 1432 582 1508 veroium,
599 1441 675 1493 mus
703 1431 739 1494 in
762 1439 859 1512 pera,
873 1447 1015 1513 serpens
1038 1430 1074 1493 in
1098 1431 1242 1510 gremio,
1265 1429 1358 1510 ignis

412 1531 448 1594 in
471 1531 562 1608 sino,
583 1530 657 1593 suis
680 1536 934 1594 consueverunt
963 1529 1157 1611 hospitibus
1182 1527 1357 1592 exhibere.

418 1627 511 1694 Nam
547 1629 630 1693 licet
664 1628 775 1703 nobis,
813 1628 857 1691 ad
896 1628 1013 1710 regale
1046 1628 1237 1710 fastigium,
1276 1627 1357 1709 jure

414 1727 644 1805 naeoedltario,
658 1727 777 1790 divine
790 1736 997 1810 cooperante
1011 1729 1137 1810 gratia,
1150 1728 1359 1803 sublimatis,

414 1827 616 1892 detestabile
641 1839 779 1909 semper
802 1827 849 1890 sit
874 1837 910 1892 et
934 1828 1050 1902 fuerit,
1068 1827 1165 1892 abuti
1195 1827 1359 1910 potentias

414 1927 661 2008 magnitudine,
686 1927 746 2008 qui
774 1927 918 1992 sommis
949 1927 1126 1991 desideriis
1156 1925 1358 1991 affectamus

343 2090 347 2100 ,
415 2027 596 2092 clementia
620 2033 656 2091 et
682 2025 828 2090 lenitate
856 2045 936 2090 cum
958 2026 1191 2091 moderamine
1212 2025 1359 2109 justitiae

415 2125 608 2208 gubernem
649 2125 836 2208 subjectos,
861 2125 968 2190 ‘ut’¹
994 2133 1118 2207 optata
1156 2125 1359 2190 mortalibus

415 2226 549 2292 cunctis
574 2243 660 2308 paee
685 2225 835 2307 populus
862 2225 1017 2305 fruatur3
1041 2226 1115 2307 ipse
1142 2231 1256 2290 tamen
1280 2243 1359 2288 nos·

416 2330 505 2390 tram
523 2326 753 2390 innocentiam
769 2343 810 2388 ao
824 2325 1096 2389 consiliariorum
1110 2331 1147 2388 et
1163 2323 1359 2390 officialium

416 2433 612 2489 nostrorum
656 2424 807 2506 regalem
849 2424 1022 2508 justitiam
1065 2424 1359 2506 prosequentium,

418 2524 620 2588 fidelitatem
663 2530 699 2586 et
743 2522 957 2603 diligentiam
1005 2522 1168 2588 convitiis
1215 2523 1356 2600 lacerat,

417 2623 556 2705 publice
581 2621 809 2704 praedioando,
825 2629 861 2687 et
883 2623 954 2685 suis
974 2621 1084 2688 literis
1103 2623 1304 2705 patentibus
1323 2623 1360 2686 in

418 2722 564 2785 diversis
604 2719 770 2804 »partibus
810 2721 988 2804 publicare
1023 2721 1231 2799 mandando,
1270 2723 1361 2806 quod

419 2821 591 2903 potestate
615 2822 723 2902 regia,
743 2821 871 2886 nostris
896 2823 1119 2905 temporibus,
1138 2833 1263 2886 contra
1283 2823 1360 2904 jus-

419 2921 533 2985 titiam
562 2921 767 3004 opprimitur
800 2920 961 3003 populus,
990 2922 1104 2985 clerus
1131 2922 1362 2999 confinditur,

419 3039 565 3103 regnum
599 3020 705 3084 variis
737 3021 988 3097 exactionibus,
1016 3028 1052 3086 et
1081 3021 1187 3085 talliis
1209 3039 1363 3104 praegre-

418 3128 534 3184 vatur.
597 3120 644 3184 Et
685 3119 767 3202 qnia
807 3133 931 3184 nomen
974 3121 1055 3184 boni
1098 3122 1260 3202 pastoris,
1291 3138 1362 3202 quo

419 3219 592 3284 hactenus
621 3239 757 3301 semper
779 3220 901 3295 caruit,
924 3235 1002 3284 eum
1030 3221 1079 3283 sit
1109 3239 1230 3284 revera
1258 3220 1365 3304 juxta

416 3336 632 3383 communem
657 3319 852 3400 opinionem
870 3326 905 3382 et
927 3319 1174 3383 confessmnem
1189 3320 1365 3402 propriam

418 3419 568 3500 publice,
583 3423 624 3482 ut
646 3418 767 3494 fertur,
785 3417 957 3494 emissam,
973 3419 1108 3483 notorie
1121 3419 1365 3494 mercenarius

418 3517 590 3581 fallaciter
614 3517 737 3580 nititur
761 3534 941 3598 usurpare,
967 3517 1122 3582 fucatum
1149 3518 1260 3582 uelum
1288 3517 1368 3582 vul-

418 3617 510 3697 pinae
534 3615 734 3679 calliditatis
759 3615 841 3678 fuco
866 3618 1076 3698 perizomate
1104 3618 1296 3698 palliatum,
1320 3618 1367 3681 ad

420 3714 658 3779 liberationem
677 3714 845 3793 ecclesiae,
868 3716 968 3800 cujus
982 3717 1198 3794 vexauones,
1223 3718 1253 3780 si
1277 3735 1368 3799 quas

419 3814 456 3879 in
480 3815 582 3879 rebus
605 3815 659 3879 vel
681 3815 838 3897 personis
863 3821 985 3881 nostro
1013 3823 1167 3898 tempore
1188 3817 1370 3896 sustinuit,

420 3915 559 3997 praelati
591 3913 839 3997 archiepiscopi
883 3913 1058 3979 duntaxat
1093 3913 1298 3992 remissioni,
1321 3925 1372 3980 et

421 4013 556 4078 callidis
578 4014 877 4078 adinventionibus
891 4021 928 4078 et
950 4014 1105 4096 reprobis
1120 4016 1272 4079 consiliis
1286 4025 1372 4103 sunt

602 4239 608 4270 ¹
629 4239 760 4288 Amended
772 4239 834 4288 from
845 4239 955 4301 Idymen
974 4241 1050 4291 MSS.
1062 4243 1124 4291 read
1135 4241 1193 4292 ‘et'
