3138 4988
386 453 453 519 384
754 471 963 519 cuaourcou

226 649 375 738 agvssrqsgp·
388 635 557 700 dictorum
597 635 741 698 fratrum
782 653 921 698 suorum
958 632 1086 697 editam
1123 637 1279 714 consilio,
1302 642 1339 703 in

226 754 376 831 ,Μ
388 754 506 800 omnes
524 741 559 799 et
574 735 742 818 singulos,
759 735 996 819 cujuscunque
1009 741 1137 810 status,
1147 734 1339 817 dignitatis,

227 831 330 920 {fifffl
389 834 446 898 vel
477 834 685 899 conditionis
718 836 921 910 existerent,
946 835 1083 899 etiarnsi
1114 836 1338 914 patriarchali

390 933 445 996 rel
483 935 607 1015 quavis
650 935 721 998 alia
758 935 927 1016 superiori
964 940 1026 997 aut
1062 934 1251 1015 pontificali
1280 937 1339 1000 vel

390 1031 500 1113 regali
526 1032 696 1114 dignitate
723 1033 904 1114 fulgerent,
927 1039 963 1096 et
990 1033 1062 1115 qui,
1088 1033 1219 1114 absque
1246 1035 1339 1098 sedis

389 1132 590 1214 apostolicae
606 1132 746 1198 licentia
762 1131 917 1214 speciali,
933 1131 1053 1196 vicarii
1075 1150 1134 1195 seu
1154 1131 1339 1215 cujuscun-

390 1251 457 1312 que
489 1230 630 1296 alterius
666 1230 768 1295 officii
807 1249 931 1296 nomen
972 1231 1008 1294 in
1041 1229 1197 1312 praedicti
1234 1234 1338 1296 terris

389 1329 536 1411 imperii,
551 1350 593 1394 eo
612 1337 772 1406 vacante,
789 1330 880 1395 sicut
900 1338 982 1395 tunc
1005 1331 1164 1404 vacabat,
1187 1337 1223 1394 et
1246 1351 1338 1395 nunc

337 1425 342 1431 ’
390 1429 494 1492 etiam
522 1435 637 1506 vacat,
660 1435 699 1492 ut
728 1431 942 1511 praemissum
972 1436 1037 1506 est,
1061 1447 1246 1502 assumere,
1280 1430 1337 1493 vel

390 1535 607 1610 assumptum
639 1528 732 1592 ultra
768 1531 951 1592 terminum
990 1529 1135 1593 duorum
1168 1528 1337 1592 mensium

389 1635 637 1708 praesumerent
658 1627 818 1704 retinere,
835 1647 898 1691 seu
921 1627 1098 1692 dimissum
1125 1645 1338 1691 reassumere

391 1727 645 1808 quoquomodo,
661 1745 701 1790 ac
723 1729 759 1790 in
774 1727 985 1804 obedientes,
1000 1732 1160 1810 parentes
1176 1733 1210 1790 et
1225 1726 1339 1790 inten-

390 1825 510 1890 dentes
519 1825 659 1903 eisdem,
668 1827 1041 1892 excommunicationes
1053 1846 1094 1890 ac
1108 1825 1196 1888 alias
1212 1845 1338 1906 graves

390 1927 580 1989 sententias
612 1927 853 2008 promulgavit.
906 1925 983 1990 Nos
1010 1926 1141 2006 itaque,
1167 1924 1226 2005 qui
1253 1944 1339 2005 erga

390 2032 437 2100 te,
479 2025 540 2099 tili,
581 2025 742 2090 claudere
778 2027 913 2089 viscera
949 2031 1105 2106 paternae
1141 2023 1337 2087 dilectionis

389 2124 619 2206 nequivimus,
652 2133 687 2189 et
721 2125 834 2189 cordis
864 2124 982 2187 dolore
1012 2123 1187 2204 tangimur
1214 2122 1338 2185 intrin-

390 2242 490 2286 secus
520 2243 599 2288 cum
633 2223 718 2288 talia
755 2222 961 2305 percipimus
1002 2223 1045 2286 ad
1080 2229 1178 2286 tuum
1216 2221 1337 2301 tuique

391 2321 543 2398 honoris,
573 2331 701 2400 status,
739 2323 875 2397 salutis,
904 2329 939 2385 et
977 2321 1079 2384 famae
1119 2319 1336 2402 dispendium

392 2422 592 2498 machinari,
625 2431 721 2486 tuarn
756 2439 920 2502 rogamus
951 2418 1252 2501 magnificentiam,
1283 2438 1338 2482 re-

392 2519 572 2601 quirimus,
601 2526 637 2584 et
664 2521 700 2583 in
731 2521 883 2584 Domino
909 2519 1075 2584 attentius
1101 2517 1337 2591 exhortamur,

392 2637 477 2681 sano
505 2625 718 2700 paternoque
747 2619 810 2681 tibi
842 2618 1063 2682 nibilominus
1090 2616 1233 2681 consilio
1261 2634 1340 2680 sua·

392 2717 525 2793 dentes,
565 2717 729 2799 quatinus
764 2736 907 2798 eaquae
933 2716 1173 2798 praemisimus,
1204 2721 1238 2778 et
1265 2713 1336 2778 alia

392 2835 471 2896 quae
496 2817 589 2880 circa
610 2816 670 2880 illa
696 2817 759 2880 tibi
782 2822 929 2897 possunt
951 2834 1141 2890 occurrere,
1164 2814 1337 2877 deducens

391 2915 428 2978 in
451 2922 555 2979 rectae
583 2914 845 2979 deliberationis
866 2921 903 2977 et
925 2914 1149 2977 discussionis
1178 2931 1337 2987 examen,

392 3032 432 3078 ac
464 3015 607 3096 insuper
650 3020 771 3078 tenens
805 3014 935 3076 certius
965 3019 1000 3076 et
1029 3011 1212 3077 attendens
1245 3009 1337 3092 quod

391 3113 505 3177 dictus
531 3112 742 3190 Ludcvicus,
767 3118 806 3175 ut
832 3111 1073 3192 praemisimus,
1099 3131 1163 3174 nec
1186 3129 1246 3174 rex
1275 3129 1338 3174 nec

391 3213 580 3292 imperator
604 3221 669 3289 est,
699 3231 762 3276 nec
791 3210 908 3293 aliqua
930 3229 1008 3290 quae
1036 3212 1112 3292 ipse
1140 3209 1260 3273 fecerit
1282 3208 1338 3272 vel

391 3310 495 3374 faciet
510 3311 672 3393 quamdiu
689 3311 793 3374 fuerit
807 3316 841 3373 et
863 3309 929 3372 erit
950 3308 1050 3372 dictis
1064 3307 1280 3390 processibus
1297 3326 1339 3371 ac

391 3409 505 3490 poenis
520 3417 555 3474 et
573 3409 753 3474 sententiis
764 3408 931 3483 irretitus,
946 3408 1136 3489 quicquam
1153 3406 1339 3470 valuerunt

392 3506 448 3570 vel
465 3508 596 3583 valent,
612 3527 674 3571 nec
689 3513 769 3571 sunt
787 3513 848 3570 aut
865 3505 1004 3570 suerunt
1025 3505 1171 3588 alicujus
1188 3504 1339 3567 auctori·
1426 3511 1428 3515 '

392 3605 488 3678 tatis,
514 3606 659 3681 roboris,
687 3606 740 3668 vel
766 3605 940 3680 momenti,
966 3605 1127 3687 quodque
1154 3603 1217 3668 tibi
1247 3603 1339 3685 peri-

392 3702 546 3766 culosum
581 3710 645 3779 est,
680 3711 715 3767 et
746 3703 983 3786 multipliciter
1013 3702 1276 3777 formidandum,
1306 3708 1342 3765 te

391 3801 560 3866 bellorum
575 3801 744 3885 subjicere
758 3802 1022 3878 discriminibus,
1039 3803 1188 3865 maxime
1203 3801 1232 3863 si
1248 3819 1341 3865 esses

392 3901 599 3984 supradictis
611 3903 972 3985 processibus,poenis,
984 3909 1019 3965 et
1031 3901 1221 3974 sententiis,
1235 3918 1256 3962 a
1268 3899 1341 3980 qui-

392 4001 457 4064 bus
480 4001 619 4065 liberari
636 4021 705 4066 non
724 4019 856 4084 posses,
872 4001 938 4063 nisi
957 4000 1130 4064 duntaxat
1147 4018 1208 4081 per
1225 3998 1339 4061 sedem

393 4101 630 4180 apostolicam,
658 4121 735 4183 quae
768 4099 1019 4164 absolutionem
1051 4119 1169 4163 earum
1192 4097 1258 4160 sibi
1280 4115 1343 4158 ex-

392 4216 510 4277 presse
542 4200 694 4277 retinuit,
728 4199 918 4275 involutus,
948 4217 989 4261 ac
1022 4199 1089 4261 Dei
1121 4205 1156 4261 et
1188 4195 1342 4278 ejusdem
