3138 4988
310 481 316 504 ⁶
388 459 455 526 85⁰
760 481 971 531 canonicor

227 641 641 740 {effla-gravarentun
686 635 849 718 quodque
889 636 1058 702 bellorum
1100 646 1244 704 eventus
1287 651 1342 706 est

228 733 528 836 ffidnbius,
548 741 585 797 et
612 734 770 810 multum,
787 736 847 798 ubi
873 737 941 800 Dei
967 738 1108 802 timetur
1131 739 1337 821 indignatio,

227 833 359 934 3³32&st
390 833 635 898 formidandus.
690 833 846 916 Ideoque
886 838 1016 916 regiam
1050 839 1339 918 magnificentiam

227 934 352 975 ΝΜ
389 952 554 1016 rogamus
574 935 611 996 iu
630 932 783 996 Domino
807 936 987 1012 attentius,
1006 944 1042 1000 et
1067 937 1257 1015 hortamur,
1287 940 1336 1002 ni-

390 1035 576 1100 bilominus
614 1052 677 1114 per
706 1032 774 1096 Dei
803 1034 1073 1100 misericordiam
1104 1039 1337 1116 obsecrantes,

389 1137 555 1218 quatinus
570 1133 751 1216 praemissa
764 1138 800 1194 et
817 1133 887 1196 alia
901 1153 981 1216 quae
998 1145 1141 1216 possunt
1158 1155 1337 1202 occurrere

388 1231 689 1317 circumspectioni
719 1233 824 1311 regie
855 1234 891 1296 in
934 1233 1000 1296 hac
1029 1242 1128 1316 parte
1157 1235 1337 1300 revolvens

388 1333 480 1399 infra
511 1334 700 1397 claustrum
732 1331 820 1410 regii
845 1333 1006 1414 pectoris,
1037 1341 1073 1396 et
1098 1333 1270 1397 deducens
1299 1336 1335 1398 in

388 1441 524 1498 exactae
550 1429 808 1494 deliberationis
833 1451 993 1506 examen,
1015 1431 1060 1494 ad
1084 1432 1333 1498 reformandam

387 1550 509 1615 pacem
531 1551 610 1596 curn
636 1545 718 1607 rege
745 1530 891 1608 pretato
908 1529 963 1593 rel
987 1538 1127 1611 treugas
1155 1530 1336 1609 ineundas,

389 1641 428 1697 nt
465 1633 548 1708 tuis,
576 1629 797 1692 dilectissime
840 1628 901 1704 fili,
938 1635 1145 1710 tuorumque
1174 1631 1335 1694 obvietur

387 1730 563 1813 periculis,
591 1736 628 1792 et
655 1729 745 1803 Deo,
763 1728 824 1809 qui
848 1747 968 1809 pacem
994 1727 1108 1808 diligit
1131 1736 1167 1793 et
1191 1731 1228 1792 in
1253 1731 1335 1794 viris

387 1829 540 1912 pacificis
558 1828 762 1904 delectatur,
777 1827 891 1907 magis
914 1826 1065 1907 placeas,
1085 1835 1186 1909 teque
1211 1847 1334 1911 accep-

387 1930 509 1994 tiorem
522 1928 644 1991 Eidem
659 1924 798 2002 efficias,
813 1926 966 1989 animum
977 1924 1137 1990 habilites
1151 1928 1283 2008 regium
1295 1939 1331 1992 ct

384 2027 541 2103 inclines,
574 2026 777 2089 dilectorum
816 2024 965 2088 filiorum
1005 2033 1200 2088 nostrorum
1238 2025 1335 2090 Petri

314 2147 318 2151 ·
388 2125 481 2190 tituli
509 2125 646 2189 Sanctae
674 2123 837 2187 Praxidis
864 2123 1065 2205 presbyteri,
1086 2135 1121 2187 et
1147 2124 1333 2188 Bertraudi

386 2225 528 2289 Sauctae
553 2224 678 2287 Mariae
704 2223 740 2284 in
764 2219 899 2304 Aquiro
928 2221 1077 2298 diaconi,
1094 2223 1332 2302 cardinalium,

386 2324 587 2406 apostolicae
621 2322 714 2386 sedis
745 2320 961 2396 nunciorum,
991 2321 1183 2386 zelatorum
1212 2325 1331 2404 utique

385 2423 473 2502 regii
487 2421 627 2486 honoris
651 2429 687 2484 et
707 2419 889 2496 commodi,
902 2439 995 2501 quos
1011 2419 1140 2483 dudum
1154 2420 1200 2484 ad
1215 2430 1331 2502 partes

383 2521 476 2596 illas,
491 2526 633 2602 propter
654 2528 708 2595 ea',
725 2518 769 2582 de
789 2517 933 2582 consilio
956 2517 1101 2582 fratrum
1123 2528 1329 2597 nostrorum,

384 2619 645 2693 destinavimus,
673 2618 814 2680 monitis
839 2623 875 2680 et
903 2616 1115 2681 salutaribus
1140 2619 1232 2682 circa
1255 2619 1329 2684 baec

385 2717 666 2800 persuasionibus
717 2716 943 2779 effectualiter
999 2715 1221 2780 nihilominus
1268 2719 1330 2782 ad-

384 2816 574 2898 quiescens.
626 2814 718 2880 Saue
740 2835 818 2878 cum
843 2820 969 2896 praeter
990 2834 1031 2878 ea
1053 2835 1131 2896 quae
1153 2817 1331 2898 praemissa

385 2921 477 2992 sunt,
496 2925 534 2979 et
550 2914 644 2997 qnod
664 2913 863 2997 hujusmodi
881 2920 918 2976 et
940 2913 1018 2976 aliis
1032 2915 1219 2978 innumeris
1239 2919 1328 2998 peri·-

385 3015 473 3078 culis
497 3034 543 3078 ex
569 3014 704 3095 guerris
730 3012 904 3094 praedictis
926 3013 1329 3092 imminentibus,.obvia-

384 3133 422 3178 re
449 3113 647 3190 salubriter,
672 3119 708 3176 et
739 3119 780 3175 ut
811 3111 902 3176 inter
929 3117 976 3190 te,
1001 3111 1050 3174 fili
1079 3114 1325 3192 amantissime,

381 3213 581 3296 dictumque
604 3230 733 3292 regem,
753 3229 846 3274 nexu
870 3211 1064 3293 propinquo
1089 3213 1267 3292 sanguinis
1290 3224 1326 3279 et

381 3311 559 3376 affinitatis
576 3312 812 3394 conjunctum,
827 3309 924 3390 pacis
949 3309 1126 3390 plenitudo
1147 3318 1187 3374 et
1198 3320 1326 3377 mutua}

380 3411 536 3474 caritatis
569 3407 709 3474 dilectio
738 3409 891 3488 vigeant,
922 3407 1019 3489 pacis
1049 3408 1325 3475 reformationem

379 3507 577 3589 hujusmodi
603 3507 814 3571 ferventibus
835 3506 1013 3570 desideriis
1041 3515 1272 3588 peroptamus
1296 3513 1326 3574 si

380 3605 497 3668 forsan
527 3624 589 3686 per
618 3605 757 3670 eosdem
787 3605 979 3669 cardinales
1007 3605 1052 3668 ad
1083 3625 1203 3686 pacem
1230 3608 1324 3672 illam

378 3704 505 3784 attingi
526 3721 594 3767 non
617 3704 728 3785 possit
750 3704 876 3768 inillis
899 3705 1067 3784 partibus,
1089 3711 1209 3787 tuque,
1236 3726 1325 3788 praa·

377 3803 555 3866 carissime
579 3801 640 3879 fili,
655 3811 691 3866 et
712 3822 775 3867 rex
797 3802 996 3884 praedictus,
1014 3822 1076 3866 ros
1099 3803 1143 3866 ad
1169 3813 1323 3870 mutuam

377 3901 600 3967 habilitantes
630 3902 860 3977 concordiam,
877 3901 954 3964 Deo
982 3901 1201 3983 placabilem,
1215 3903 1324 3968 homi·

377 4001 478 4064 nibus
495 4000 690 4077 amabilem,
709 3999 966 4065 Christianitati
981 4000 1115 4077 utilem,
1131 4019 1171 4064 ac
1187 4003 1324 4083 utrique

374 4106 527 4163 vestrum
575 4100 814 4182 multipliciter
843 4105 1085 4179 opportunam,
1130 4102 1325 4164 consentire

373 4197 565 4275 volueritis,
580 4207 619 4262 ut
636 4217 698 4263 nos
713 4199 756 4264 ad
780 4216 901 4280 pacem
923 4197 1035 4278 ipsam
1057 4197 1322 4275 reformandam,
