3138 4988
421 483 488 548 840
789 503 998 550 cunourcou

263 671 412 760 tpyffig·
425 668 460 724 et
475 660 593 724 fideles
615 660 726 724 nostri
751 660 875 742 patriae
892 658 1129 736 Flandrensis‚
1142 658 1202 741 jus
1219 666 1373 722 nostrum

263 750 695 844 ¹¹²¹‚Q&considerantes
729 759 884 823 fecerunt
915 759 1005 842 quod
1033 759 1175 842 justitia
1202 749 1374 834 suadebit,

264 853 408 942 5332,
427 866 462 923 et
494 859 563 922 illis
591 859 758 922 incumbit
783 857 909 934 facere,
935 859 1022 921 citra
1050 856 1189 922 Pascha
1216 858 1374 939 proximo

264 951 581 1041 ffiffissfuturum
622 977 685 1021 nos
731 976 831 1020 suum
874 956 1048 1021 dominum
1088 964 1124 1020 et
1156 976 1273 1037 regem
1314 975 1375 1037 ag-

264 1052 382 1091 ⁰¹¹'¹⁸¹¹“‘
430 1076 571 1120 noscere
589 1056 772 1131 voluerint,
790 1055 833 1118 ad
856 1075 977 1137 pacem
999 1062 1154 1120 nostram
1179 1055 1376 1136 specialem,

429 1156 677 1238 protectionem
715 1163 750 1218 et
786 1154 1018 1218 defensionem
1060 1154 1305 1235 suscipiantur,
1340 1149 1376 1219 et

428 1255 703 1338 possessionibus
741 1254 925 1317 mobilibus
959 1262 994 1317 et
1027 1253 1272 1328 immobilibus,
1304 1253 1378 1315 sine

429 1354 655 1418 diminutione
710 1360 746 1416 et
802 1352 1015 1433 gravamine,
1058 1370 1122 1433 pro
1173 1370 1378 1433 quocunque

430 1460 553 1516 contra
595 1470 658 1515 nos
702 1451 913 1533 temporibus
958 1451 1139 1514 retroactis
1182 1451 1378 1526 commisso,

431 1550 621 1632 gaudeant,
666 1549 744 1612 illos
788 1551 855 1613 viis
896 1557 930 1613 et
969 1550 1081 1613 modis
1119 1550 1244 1631 quibus
1283 1555 1379 1630 pote-

430 1650 550 1725 rimus
572 1656 676 1730 prout
697 1649 808 1728 exigit
832 1649 933 1725 ratio,
955 1647 1138 1712 defendere
1161 1648 1320 1711 volumus
1342 1654 1378 1711 et

431 1755 623 1831 protegere.
690 1747 738 1810 Et
768 1748 852 1829 quia
891 1747 1092 1829 supradicta
1133 1747 1178 1811 ad
1218 1747 1379 1811 notitiam

432 1847 582 1910 omnium
606 1847 649 1910 de
673 1846 743 1910 levi
765 1846 962 1928 specialiter
988 1846 1167 1928 pervenire
1189 1865 1258 1909 non
1282 1854 1380 1927 pote-

431 1954 526 2023 runt,
547 1946 583 2009 in
606 1945 715 2028 portis
741 1945 963 2009 ecclesiarum
989 1945 1203 2008 diversarum
1234 1951 1268 2008 et
1294 1944 1379 2007 locis

430 2045 509 2108 aliis
539 2046 582 2109 ad
618 2044 903 2108 confortationem
932 2043 1084 2108 fidelium
1113 2050 1309 2108 nostrorum
1344 2051 1380 2106 et

431 2143 611 2208 rebellium
644 2151 822 2218 terrorem,
853 2149 892 2206 ut
915 2163 977 2223 per
1002 2143 1234 2223 ignorantiam
1265 2141 1381 2204 nullus

431 2261 469 2306 se
504 2244 619 2306 valeat
659 2260 839 2318 excusare,
876 2248 995 2323 aperte
1033 2241 1094 2322 figi
1129 2241 1381 2306 mandavimus.

433 2342 564 2406 Datum
593 2342 686 2424 apud
713 2340 832 2406 Gaunt
854 2339 979 2405 ‘vr11.'¹
1008 2340 1065 2404 die
1090 2340 1271 2404 Februarii
1288 2359 1379 2404 anno

432 2442 532 2521 regni
563 2441 672 2506 nostri
705 2439 861 2504 Franciee
892 2441 1003 2522 primo
1031 2446 1066 2504 et
1091 2438 1228 2521 Angliee
1254 2445 1390 2522 quarto

431 2539 575 2604 decimo.

270 2661 332 2701 aa.
342 2659 400 2699 ras.
485 2638 616 2703 Eodem
631 2657 722 2702 anno
738 2657 800 2701 rex
817 2636 968 2720 Angliae,
979 2639 1014 2700 in
1032 2657 1147 2702 mense
1157 2637 1382 2719 Septembris,

271 2769 329 2816 sept
339 2767 373 2806 ro.
434 2737 470 2800 in
483 2737 603 2819 vigilia
616 2736 901 2802 SanctiMattheei
908 2736 1079 2820 Apostoli,
1085 2756 1162 2800 cnm
1171 2737 1293 2800 militia
1307 2756 1382 2814 sua,

270 2853 417 2902 memma
435 2855 504 2900 nna
519 2855 597 2900 cum
609 2837 697 2901 duce
708 2837 921 2913 Brabantiae,
934 2836 1059 2900 comite
1073 2835 1232 2899 Gerlensi
1249 2844 1283 2900 et
1299 2835 1383 2899 Gel-

270 2905 406 2994 ἷῖἷῗᾶὴιῗῖιο
434 2936 535 3013 leres,
549 2956 590 3000 ac
610 2936 728 2999 multis
750 2934 932 3013 nobilibus,
946 2935 1175 2999 comburendo
1194 2942 1228 2998 et
1247 2935 1383 3016 praedas

269 3003 397 3044 mm
435 3036 583 3116 agendo,
600 3035 782 3099 Franciam
799 3034 938 3115 inpage
952 3032 1213 3099 Cameracensi²
1228 3034 1383 3098 intravit.

272 3152 413 3200 werede.
437 3134 480 3198 In
494 3136 645 3199 erastino
657 3134 777 3198 Sancti
788 3133 948 3196 Mattbaei
959 3133 1117 3197 dominus
1136 3131 1326 3196 Edwardns
1340 3133 1383 3196 de

272 3203 371 3252 ΒΜ
436 3233 680 3299 Monte-acuto
696 3239 847 3297 castrum
865 3232 1036 3314 quoddam
1054 3233 1157 3313 cepit,
1175 3239 1210 3294 et
1228 3229 1384 3296 Gallicos

433 3333 528 3396 intus
552 3340 707 3415 repertos
729 3331 926 3406 trucidavit,
950 3330 1114 3412 aliudque
1138 3337 1288 3394 castrum
1319 3331 1385 3393 sibi

434 3431 605 3495 redditum
623 3431 700 3494 fuit.
741 3430 786 3493 Et
805 3429 963 3493 dominus
980 3427 1158 3493 Walterus
1172 3429 1216 3492 de
1231 3427 1386 3512 Manney

435 3536 587 3592 castrum
609 3529 652 3592 de
666 3529 782 3592 Tener
801 3528 1013 3611 subjugavit,
1029 3533 1065 3590 et
1085 3547 1147 3592 rex
1167 3526 1303 3609 Angliae
1320 3529 1386 3592 sibi

435 3627 581 3690 contulit
598 3626 695 3690 illud.
748 3626 829 3690 Rex
845 3634 959 3690 autem
980 3624 1116 3708 Angliae
1136 3627 1243 3709 juxta
1259 3625 1384 3690 Game-

434 3743 552 3788 racum
568 3725 668 3806 quasi
683 3744 788 3787 unum
806 3725 964 3801 milliare,
987 3745 1048 3808 per
1071 3741 1132 3789 xv.
1156 3725 1229 3788 dies
1254 3743 1385 3788 moram

434 3825 556 3901 traxit,
589 3832 624 3887 et
650 3824 764 3906 patria
792 3824 1058 3905 circumquaque
1089 3824 1168 3904 igne
1201 3823 1386 3904 praedaque

468 4123 475 4162 -¹
495 4120 549 4174 The
572 4125 669 4175 Frencb
692 4125 799 4187 original
821 4111 908 4172 reads¹
921 4124 994 4172 vince
1005 4123 1035 4172 ol
1048 4121 1147 4171 Frenoh
1159 4120 1290 4169 Flanders.
1327 4121 1387 4168 Itis

433 4195 531 4244 ‘xvnn'
921 4189 1385 4258 nowcomprehendedinthedepart·

467 4261 477 4292 ²
495 4263 649 4322 Cambresie,
668 4263 786 4323 formerly
804 4277 820 4310 a
840 4277 896 4322 pro·
921 4262 1079 4311 mentofthe
1092 4259 1184 4308 North.
