3178 4992
403 471 468 533 100
775 487 987 535 cunourcou

258 654 377 745 {⁶3⁸5qu
406 653 458 707 ter
486 641 692 707 intuleritis:
724 661 788 706 uos
813 650 916 708 extra
941 661 1088 722 regnum
1115 649 1286 719 nostrum,
1315 644 1360 707 ad

242 731 388 771 ’·’·’-’
404 743 516 806 levem
541 741 778 825 cujuscunque
804 741 1079 822 suggestionem,
1095 761 1159 822 pro
1181 741 1282 806 libito
1299 763 1362 806 vo-

403 841 549 905 luntatis
580 849 703 905 vestrae
735 841 885 916 citando,
918 848 954 904 et
992 839 1142 904 indebite
1175 842 1356 906 vexando:

403 949 520 1004 castra
542 947 674 1016 nostra,
694 948 818 1016 terras,
840 947 876 1002 et
892 939 1128 1021 possessiones
1149 947 1301 1019 nostras,
1323 948 1358 1005 et

403 1049 601 1104 nostrorum
624 1038 714 1101 infra
732 1058 878 1119 regnum
894 1045 1060 1113 vestrum,
1083 1036 1207 1102 ‘sine’¹
1228 1042 1357 1103 nostris

403 1138 580 1202 demeritis
606 1138 829 1220 occupando:
862 1138 955 1200 bona
980 1143 1112 1212 nostra,
1138 1156 1179 1200 ae
1200 1138 1358 1202 subdito-

403 1257 479 1301 rum
498 1245 707 1312 nostrorum,
725 1244 796 1301 tam
813 1256 875 1318 per
892 1243 1033 1312 terram,
1051 1254 1156 1317 quam
1173 1256 1235 1319 per
1248 1257 1356 1314 mare,

403 1336 581 1418 rapiendo,
604 1343 640 1400 et
661 1336 751 1400 infra
775 1354 920 1417 regnum
943 1341 1097 1400 vestrum
1125 1337 1356 1418 receptando:

403 1443 613 1500 mercatores
647 1441 683 1498 et
711 1435 798 1498 alios
831 1434 928 1515 regni
960 1433 1070 1497 nostri
1104 1433 1237 1500 incolas
1267 1437 1358 1499 occi-

402 1533 536 1598 dendo:
568 1531 848 1616 ‘hominesque'2
872 1539 1011 1598 nostros
1038 1531 1081 1596 de
1109 1552 1215 1614 regno
1238 1542 1357 1599 nostro

403 1633 573 1698 violenter
597 1633 634 1697 in
655 1653 800 1715 regnum
826 1640 980 1696 vestrum
1006 1631 1221 1708 abducendo,
1242 1634 1355 1715 ipsos-

403 1751 471 1813 que
485 1733 612 1796 ibidem
630 1732 815 1796 detinendo
830 1736 866 1794 et
880 1730 1140 1795 incarcerando.

452 1831 565 1914 Super
605 1831 731 1913 quibus
772 1830 999 1894 reformandis
1036 1829 1180 1893 nuncios
1217 1839 1354 1895 nostros

401 1949 494 2013 saepe
513 1931 611 1994 vobis
626 1931 892 2007 transmisimus,
917 1948 994 2011 quae
1013 1948 1082 1992 non
1106 1930 1219 1993 solum
1241 1928 1353 1994 adbuc

400 2032 579 2094 remanent
594 2029 786 2094 incorrecta
802 2049 920 2093 rernm
943 2028 1047 2092 etiam
1067 2027 1110 2090 de
1132 2028 1187 2092 die
1210 2030 1246 2091 in
1262 2029 1353 2093 dIem

399 2147 462 2209 per
474 2149 536 2194 vos
552 2138 587 2194 et
601 2137 736 2193 vestros
748 2128 921 2210 prioribus
934 2127 1106 2190 deteriora
1122 2128 1353 2194 cumulantur.

400 2225 476 2291 Vos
487 2247 636 2310 namque
649 2225 775 2293 ‘cum’⁸
787 2225 1028 2290 innumerabili
1041 2236 1252 2290 armatorum
1263 2229 1352 2292 mul-

400 2326 560 2403 titudine,
582 2327 739 2390 exercitu
764 2332 880 2390 vestro
910 2326 1047 2408 publice
1079 2326 1354 2407 ‘congregato,'⁴

400 2424 445 2487 ad
462 2425 753 2490 exhaeredandum
773 2444 837 2489 nos
857 2432 893 2488 et
911 2425 1008 2505 regni
1030 2425 1140 2489 nostri
1159 2424 1291 2489 incolas
1309 2428 1352 2491 ad

399 2522 486 2587 fines
511 2526 610 2606 regni
632 2525 742 2589 nostri
765 2523 937 2588 hostiliter
956 2523 1173 2598 accessistis;
1200 2531 1236 2588 et
1259 2525 1350 2589 ultra

397 2624 660 2703 progredientes
673 2625 710 2686 in
724 2643 830 2705 regno
845 2630 965 2687 nostro
978 2631 1115 2703 strages
1131 2629 1166 2687 et
1180 2623 1351 2702 incendia,

398 2739 531 2785 necnon
552 2723 703 2788 insultus
721 2729 757 2786 et
775 2722 973 2787 invasiones
990 2722 1174 2798 violentas
1194 2729 1267 2785 tam
1288 2743 1352 2805 per

398 2825 525 2884 terram
554 2840 658 2904 quarn
683 2842 746 2904 per
766 2840 873 2898 mare,
899 2821 1120 2885 commisistis
1149 2821 1348 2887 inhumane.

399 2917 434 2981 N
436 2939 475 2982 os
503 2919 615 2984 dictes
640 2921 799 3005 injurias,
825 2927 1057 3002 contemptus,
1083 2921 1287 3001 gravamina
1314 2929 1349 2986 et

395 3017 534 3096 damna,
570 3040 703 3085 necnon
731 3028 767 3084 et
798 3019 940 3084 hostiles
972 3019 1262 3101 impugnationes,
1294 3020 1349 3083 nl-

395 3119 504 3181 terius
524 3121 695 3184 sustinere
719 3138 789 3184 nou
807 3118 976 3194 valentes,
993 3137 1056 3182 nec
1073 3119 1110 3180 in
1130 3118 1297 3183 fidelitate
1313 3127 1349 3183 et

395 3213 557 3298 homagio
589 3229 719 3296 vestro,
753 3218 834 3281 licet
862 3236 924 3299 per
956 3217 1144 3281 violentam
1175 3219 1347 3300 ‘impres-

394 3315 560 3378 sionem'⁵
588 3318 749 3394 extortis,
771 3317 967 3390 manendo,
1003 3324 1125 3380 contra
1152 3335 1215 3380 vos
1242 3318 1347 3382 etiam

394 3413 438 3476 ad
467 3415 701 3480 defensionem
728 3422 884 3480 nostram
911 3422 947 3479 et
971 3417 1071 3496 regni
1098 3417 1220 3493 nostri,
1247 3416 1347 3500 cujus

393 3510 585 3577 defensioni
612 3521 647 3577 et
673 3515 813 3578 tuitioni
840 3514 980 3578 vinculo
1009 3513 1198 3596 juramenti
1227 3533 1347 3580 sumus

394 3613 540 3688 astricti,
563 3631 627 3675 nos
649 3613 807 3677 volentes
826 3614 980 3694 erigere;
1006 3612 1206 3677 fidelitatem
1230 3620 1264 3678 et
1285 3613 1348 3678 ho-

393 3711 546 3791 magium
571 3711 671 3776 vobis
694 3711 788 3778 fecta
813 3718 885 3777 tam
907 3731 929 3775 a
952 3713 1050 3776 nobis
1073 3731 1178 3794 quam
1202 3713 1247 3775 ab
1270 3713 1347 3778 aliis

392 3811 656 3892 quibuscunque
681 3812 781 3893 regni
802 3812 913 3878 nostri
929 3812 1064 3889 incolis,
1084 3811 1243 3876 fidelibus
1264 3831 1346 3876 nos·

426 4034 435 4064 ¹
451 4039 563 4101 ‘injuste
574 4043 600 4088 et
612 4038 686 4101 sine,’
696 4038 814 4088 Foedere.
915 4033 926 4064 ¹
941 4035 1007 4099 ‘jum
1018 4037 1094 4100 cum,’
1106 4037 1224 4087 Foedere.

915 4104 926 4136 ⁴
943 4107 1116 4170 ‘convocata'
1128 4107 1246 4160 Foedere.

424 4174 597 4240 '‘homiuesss
628 4177 753 4238 Foeders3
788 4175 853 4225 lho-
915 4173 925 4202 ⁵
941 4176 1148 4239 ‘oppressionem
1156 4175 1347 4238 vestran,’Foe·

388 4247 468 4296 mines
480 4242 522 4309 ct,'
534 4247 591 4297 MS.
604 4248 670 4296 Cott.
683 4246 741 4296 Tib.
880 4245 951 4298 ders.
