<?xml version="1.0" encoding="UTF-8"?>
<!DOCTYPE html PUBLIC "-//W3C//DTD XHTML 1.0 Transitional//EN"
    "http://www.w3.org/TR/xhtml1/DTD/xhtml1-transitional.dtd">
<html xmlns="http://www.w3.org/1999/xhtml" xml:lang="en" lang="en">
 <head>
  <title>
</title>
<meta http-equiv="Content-Type" content="text/html;charset=utf-8" />
  <meta name='ocr-system' content='tesseract 3.04.00' />
  <meta name='ocr-capabilities' content='ocr_page ocr_carea ocr_par ocr_line ocrx_word'/>
</head>
<body>
  <div class='ocr_page' id='page_1' title='image "./chronicondomini00hamigoog_0259.png"; bbox 0 0 3166 4992; ppageno 0'>
   <div class='ocr_carea' id='block_1_1' title="bbox 397 460 1149 531">
    <p class='ocr_par' dir='ltr' id='par_1_1' title="bbox 397 460 1149 531">
     <span class='ocr_line' id='line_1_1' title="bbox 397 460 1149 531; baseline -0.011 0"><span class='ocrx_word' id='word_1_1' title='bbox 397 479 579 531; x_wconf 76' lang='lat' dir='ltr'>wnnrnnr</span> <span class='ocrx_word' id='word_1_2' title='bbox 593 479 641 526; x_wconf 87' lang='lat' dir='ltr'>nn</span> <span class='ocrx_word' id='word_1_3' title='bbox 664 473 946 527; x_wconf 80' lang='lat' dir='ltr'>unumunonuu.</span> <span class='ocrx_word' id='word_1_4' title='bbox 1082 460 1149 524; x_wconf 78' lang='lat'>245</span> 
     </span>
    </p>
   </div>
   <div class='ocr_carea' id='block_1_2' title="bbox 191 633 1299 1013">
    <p class='ocr_par' dir='ltr' id='par_1_2' title="bbox 191 633 1299 1013">
     <span class='ocr_line' id='line_1_2' title="bbox 191 633 1296 736; baseline -0.005 -36"><span class='ocrx_word' id='word_1_5' title='bbox 191 643 245 713; x_wconf 91' lang='lat' dir='ltr'>et,</span> <span class='ocrx_word' id='word_1_6' title='bbox 271 637 315 701; x_wconf 88' lang='lat' dir='ltr'>ad</span> <span class='ocrx_word' id='word_1_7' title='bbox 343 644 504 718; x_wconf 84' lang='lat' dir='ltr'>rogatum</span> <span class='ocrx_word' id='word_1_8' title='bbox 532 635 614 702; x_wconf 84' lang='lat' dir='ltr'>no&#39;vi</span> <span class='ocrx_word' id='word_1_9' title='bbox 645 633 737 719; x_wconf 84' lang='lat' dir='ltr'>regis</span> <span class='ocrx_word' id='word_1_10' title='bbox 764 636 901 718; x_wconf 80' lang='lat' dir='ltr'>Angliae</span> <span class='ocrx_word' id='word_1_11' title='bbox 932 643 967 700; x_wconf 88' lang='lat' dir='ltr'>et</span> <span class='ocrx_word' id='word_1_12' title='bbox 994 635 1147 718; x_wconf 77' lang='lat' dir='ltr'>episcopi</span> <span class='ocrx_word' id='word_1_13' title='bbox 1168 643 1296 736; x_wconf 54' lang='lat' dir='ltr'>fdgqgop</span> 
     </span>
     <span class='ocr_line' id='line_1_3' title="bbox 194 723 1299 822; baseline -0.005 -22"><span class='ocrx_word' id='word_1_14' title='bbox 194 736 457 814; x_wconf 64' lang='lat' dir='ltr'>&#39;Dunolmensim</span> <span class='ocrx_word' id='word_1_15' title='bbox 473 738 568 802; x_wconf 88' lang='lat' dir='ltr'>dedit</span> <span class='ocrx_word' id='word_1_16' title='bbox 585 738 742 802; x_wconf 89' lang='lat' dir='ltr'>dominus</span> <span class='ocrx_word' id='word_1_17' title='bbox 760 756 852 819; x_wconf 88' lang='lat' dir='ltr'>papa</span> <span class='ocrx_word' id='word_1_18' title='bbox 866 735 1056 819; x_wconf 90' lang='lat' dir='ltr'>prioratum</span> <span class='ocrx_word' id='word_1_19' title='bbox 1072 735 1147 798; x_wconf 89' lang='lat' dir='ltr'>Du·</span> <span class='ocrx_word' id='word_1_20' title='bbox 1160 725 1263 822; x_wconf 28' lang='grc' dir='ltr'>Ἡραιέα,</span> <span class='ocrx_word' id='word_1_21' title='bbox 1294 723 1299 734; x_wconf 90' lang='grc'><strong>’</strong></span> 
     </span>
     <span class='ocr_line' id='line_1_4' title="bbox 197 831 1264 922; baseline -0.003 -23"><span class='ocrx_word' id='word_1_22' title='bbox 197 835 408 902; x_wconf 89' lang='lat' dir='ltr'>nolmensem</span> <span class='ocrx_word' id='word_1_23' title='bbox 441 837 577 901; x_wconf 90' lang='lat' dir='ltr'>cuidam</span> <span class='ocrx_word' id='word_1_24' title='bbox 605 836 775 901; x_wconf 89' lang='lat' dir='ltr'>monacho</span> <span class='ocrx_word' id='word_1_25' title='bbox 805 835 1004 900; x_wconf 89' lang='lat' dir='ltr'>monasterii</span> <span class='ocrx_word' id='word_1_26' title='bbox 1036 837 1145 899; x_wconf 81' lang='lat' dir='ltr'>beatae</span> <span class='ocrx_word' id='word_1_27' title='bbox 1158 831 1264 922; x_wconf 54' lang='lat' dir='ltr'>{iffi</span> 
     </span>
     <span class='ocr_line' id='line_1_5' title="bbox 199 933 1147 1013; baseline -0.003 -13"><span class='ocrx_word' id='word_1_28' title='bbox 199 935 324 1000; x_wconf 85' lang='lat' dir='ltr'>Mariae</span> <span class='ocrx_word' id='word_1_29' title='bbox 360 937 524 1013; x_wconf 90' lang='lat' dir='ltr'>Eborum,</span> <span class='ocrx_word' id='word_1_30' title='bbox 548 937 687 1001; x_wconf 92' lang='lat' dir='ltr'>domino</span> <span class='ocrx_word' id='word_1_31' title='bbox 716 936 889 1000; x_wconf 91' lang='lat' dir='ltr'>Willelmo</span> <span class='ocrx_word' id='word_1_32' title='bbox 915 934 959 999; x_wconf 89' lang='lat' dir='ltr'>de</span> <span class='ocrx_word' id='word_1_33' title='bbox 987 933 1147 1010; x_wconf 83' lang='lat' dir='ltr'>Tanfeld‚</span> 
     </span>
    </p>
   </div>
   <div class='ocr_carea' id='block_1_3' title="bbox 193 1035 721 1118">
    <p class='ocr_par' dir='ltr' id='par_1_3' title="bbox 193 1035 721 1118">
     <span class='ocr_line' id='line_1_6' title="bbox 193 1035 721 1118; baseline 0.009 -23"><span class='ocrx_word' id='word_1_34' title='bbox 193 1054 279 1098; x_wconf 67' lang='lat' dir='ltr'>,eum</span> <span class='ocrx_word' id='word_1_35' title='bbox 296 1035 490 1118; x_wconf 85' lang='lat' dir='ltr'>praeficiens</span> <span class='ocrx_word' id='word_1_36' title='bbox 507 1037 542 1099; x_wconf 91' lang='lat' dir='ltr'>in</span> <span class='ocrx_word' id='word_1_37' title='bbox 560 1037 721 1118; x_wconf 82' lang='lat' dir='ltr'>priorem.</span> 
     </span>
    </p>
   </div>
   <div class='ocr_carea' id='block_1_4' title="bbox 194 1255 1110 1445">
    <p class='ocr_par' dir='ltr' id='par_1_4' title="bbox 194 1255 1110 1445">
     <span class='ocr_line' id='line_1_7' title="bbox 194 1255 1110 1324; baseline 0.001 -3"><span class='ocrx_word' id='word_1_38' title='bbox 194 1289 197 1298; x_wconf 89' lang='lat'>·</span> <span class='ocrx_word' id='word_1_39' title='bbox 237 1255 387 1322; x_wconf 76' lang='lat' dir='ltr'>liebertus</span> <span class='ocrx_word' id='word_1_40' title='bbox 401 1258 439 1323; x_wconf 78' lang='lat' dir='ltr'>dc</span> <span class='ocrx_word' id='word_1_41' title='bbox 455 1259 542 1323; x_wconf 76' lang='lat' dir='ltr'>Bran</span> <span class='ocrx_word' id='word_1_42' title='bbox 553 1260 649 1324; x_wconf 82' lang='lat' dir='ltr'>morit</span> <span class='ocrx_word' id='word_1_43' title='bbox 668 1260 822 1324; x_wconf 65' lang='lat' dir='ltr'>Gaurum</span> <span class='ocrx_word' id='word_1_44' title='bbox 835 1261 870 1324; x_wconf 79' lang='lat' dir='ltr'>ic</span> <span class='ocrx_word' id='word_1_45' title='bbox 885 1259 989 1323; x_wconf 77' lang='lat' dir='ltr'>Scotia</span> <span class='ocrx_word' id='word_1_46' title='bbox 1001 1266 1110 1322; x_wconf 79' lang='lat' dir='ltr'>contro</span> 
     </span>
     <span class='ocr_line' id='line_1_8' title="bbox 543 1359 801 1445; baseline -0.004 -22"><span class='ocrx_word' id='word_1_47' title='bbox 543 1359 655 1444; x_wconf 73' lang='lat' dir='ltr'>Bepara</span> <span class='ocrx_word' id='word_1_48' title='bbox 667 1359 801 1445; x_wconf 65' lang='lat' dir='ltr'>Aequa.</span> 
     </span>
    </p>
   </div>
   <div class='ocr_carea' id='block_1_5' title="bbox 197 1519 1313 3691">
    <p class='ocr_par' dir='ltr' id='par_1_5' title="bbox 197 1519 1313 3691">
     <span class='ocr_line' id='line_1_9' title="bbox 250 1519 1300 1600; baseline -0.002 -14"><span class='ocrx_word' id='word_1_49' title='bbox 250 1519 373 1587; x_wconf 84' lang='lat' dir='ltr'>Anno¹</span> <span class='ocrx_word' id='word_1_50' title='bbox 397 1523 539 1587; x_wconf 87' lang='lat' dir='ltr'>Domini</span> <span class='ocrx_word' id='word_1_51' title='bbox 571 1539 716 1588; x_wconf 74' lang='lat' dir='ltr'>mcccv.</span> <span class='ocrx_word' id='word_1_52' title='bbox 747 1522 924 1586; x_wconf 88' lang='lat' dir='ltr'>Robertus</span> <span class='ocrx_word' id='word_1_53' title='bbox 963 1522 1006 1586; x_wconf 95' lang='lat' dir='ltr'>de</span> <span class='ocrx_word' id='word_1_54' title='bbox 1045 1523 1146 1600; x_wconf 89' lang='lat' dir='ltr'>Brus,</span> <span class='ocrx_word' id='word_1_55' title='bbox 1172 1542 1300 1585; x_wconf 60' lang='lat' dir='ltr'>nnuma</span> 
     </span>
     <span class='ocr_line' id='line_1_10' title="bbox 202 1610 1275 1705; baseline -0.002 -19"><span class='ocrx_word' id='word_1_56' title='bbox 202 1622 343 1704; x_wconf 88' lang='lat' dir='ltr'>quintus</span> <span class='ocrx_word' id='word_1_57' title='bbox 374 1621 467 1686; x_wconf 88' lang='lat' dir='ltr'>filius</span> <span class='ocrx_word' id='word_1_58' title='bbox 492 1621 555 1686; x_wconf 87' lang='lat' dir='ltr'>filii</span> <span class='ocrx_word' id='word_1_59' title='bbox 587 1622 681 1686; x_wconf 88' lang='lat' dir='ltr'>illius</span> <span class='ocrx_word' id='word_1_60' title='bbox 712 1621 858 1686; x_wconf 89' lang='lat' dir='ltr'>Roberti</span> <span class='ocrx_word' id='word_1_61' title='bbox 885 1623 928 1686; x_wconf 89' lang='lat' dir='ltr'>de</span> <span class='ocrx_word' id='word_1_62' title='bbox 955 1622 1046 1686; x_wconf 90' lang='lat' dir='ltr'>Brus</span> <span class='ocrx_word' id='word_1_63' title='bbox 1076 1623 1147 1705; x_wconf 88' lang='lat' dir='ltr'>qui,</span> <span class='ocrx_word' id='word_1_64' title='bbox 1160 1610 1275 1700; x_wconf 50' lang='grc' dir='ltr'>ξξῃᾞψ,</span> 
     </span>
     <span class='ocr_line' id='line_1_11' title="bbox 203 1719 1313 1810; baseline 0.002 -26"><span class='ocrx_word' id='word_1_65' title='bbox 203 1730 243 1786; x_wconf 91' lang='lat' dir='ltr'>ut</span> <span class='ocrx_word' id='word_1_66' title='bbox 265 1721 502 1804; x_wconf 88' lang='lat' dir='ltr'>supradictum</span> <span class='ocrx_word' id='word_1_67' title='bbox 525 1728 589 1798; x_wconf 86' lang='lat' dir='ltr'>est,</span> <span class='ocrx_word' id='word_1_68' title='bbox 605 1721 811 1803; x_wconf 82' lang='lat' dir='ltr'>disceptavit</span> <span class='ocrx_word' id='word_1_69' title='bbox 833 1741 911 1785; x_wconf 90' lang='lat' dir='ltr'>cum</span> <span class='ocrx_word' id='word_1_70' title='bbox 928 1722 952 1788; x_wconf 84' lang='lat' dir='ltr'>J</span> <span class='ocrx_word' id='word_1_71' title='bbox 955 1720 1089 1786; x_wconf 86' lang='lat' dir='ltr'>ohanne</span> <span class='ocrx_word' id='word_1_72' title='bbox 1106 1722 1148 1786; x_wconf 92' lang='lat' dir='ltr'>de</span> <span class='ocrx_word' id='word_1_73' title='bbox 1159 1719 1313 1810; x_wconf 57' lang='grc' dir='ltr'>ζζξῖῗξψ,</span> 
     </span>
     <span class='ocr_line' id='line_1_12' title="bbox 204 1820 1147 1902; baseline 0 -18"><span class='ocrx_word' id='word_1_74' title='bbox 204 1821 355 1885; x_wconf 88' lang='lat' dir='ltr'>Balliolo</span> <span class='ocrx_word' id='word_1_75' title='bbox 366 1839 481 1885; x_wconf 89' lang='lat' dir='ltr'>coram</span> <span class='ocrx_word' id='word_1_76' title='bbox 494 1839 576 1902; x_wconf 83' lang='lat' dir='ltr'>rege</span> <span class='ocrx_word' id='word_1_77' title='bbox 588 1821 728 1902; x_wconf 85' lang='lat' dir='ltr'>Angliae</span> <span class='ocrx_word' id='word_1_78' title='bbox 739 1822 832 1885; x_wconf 87' lang='lat' dir='ltr'>circa</span> <span class='ocrx_word' id='word_1_79' title='bbox 847 1841 992 1902; x_wconf 83' lang='lat' dir='ltr'>regnum</span> <span class='ocrx_word' id='word_1_80' title='bbox 1008 1820 1147 1898; x_wconf 85' lang='lat' dir='ltr'>Scotiae,</span> 
     </span>
     <span class='ocr_line' id='line_1_13' title="bbox 204 1919 1149 2003; baseline 0 -19"><span class='ocrx_word' id='word_1_81' title='bbox 204 1927 239 1984; x_wconf 87' lang='lat' dir='ltr'>et</span> <span class='ocrx_word' id='word_1_82' title='bbox 256 1919 481 2003; x_wconf 86' lang='lat' dir='ltr'>judicialiter,</span> <span class='ocrx_word' id='word_1_83' title='bbox 506 1926 547 1983; x_wconf 91' lang='lat' dir='ltr'>ut</span> <span class='ocrx_word' id='word_1_84' title='bbox 575 1938 682 2002; x_wconf 88' lang='lat' dir='ltr'>supra</span> <span class='ocrx_word' id='word_1_85' title='bbox 710 1926 817 2002; x_wconf 88' lang='lat' dir='ltr'>patet,</span> <span class='ocrx_word' id='word_1_86' title='bbox 844 1939 865 1983; x_wconf 86' lang='lat' dir='ltr'>a</span> <span class='ocrx_word' id='word_1_87' title='bbox 891 1939 955 1984; x_wconf 87' lang='lat' dir='ltr'>sua</span> <span class='ocrx_word' id='word_1_88' title='bbox 984 1921 1149 2002; x_wconf 88' lang='lat' dir='ltr'>petitione</span> 
     </span>
     <span class='ocr_line' id='line_1_14' title="bbox 197 2019 1149 2101; baseline -0.001 -19"><span class='ocrx_word' id='word_1_89' title='bbox 197 2019 384 2084; x_wconf 88' lang='lat' dir='ltr'>absolutus</span> <span class='ocrx_word' id='word_1_90' title='bbox 399 2027 465 2096; x_wconf 89' lang='lat' dir='ltr'>est,</span> <span class='ocrx_word' id='word_1_91' title='bbox 479 2037 642 2101; x_wconf 89' lang='lat' dir='ltr'>perverso</span> <span class='ocrx_word' id='word_1_92' title='bbox 656 2019 764 2084; x_wconf 82' lang='lat' dir='ltr'>fretus</span> <span class='ocrx_word' id='word_1_93' title='bbox 781 2019 925 2083; x_wconf 89' lang='lat' dir='ltr'>consilio</span> <span class='ocrx_word' id='word_1_94' title='bbox 941 2020 984 2083; x_wconf 89' lang='lat' dir='ltr'>ad</span> <span class='ocrx_word' id='word_1_95' title='bbox 1003 2038 1149 2100; x_wconf 80' lang='lat' dir='ltr'>regnum</span> 
     </span>
     <span class='ocr_line' id='line_1_15' title="bbox 198 2118 1149 2201; baseline 0.001 -20"><span class='ocrx_word' id='word_1_96' title='bbox 198 2118 331 2191; x_wconf 86' lang='lat' dir='ltr'>¹Scotiae</span> <span class='ocrx_word' id='word_1_97' title='bbox 369 2118 556 2201; x_wconf 78' lang='lat' dir='ltr'>aspiravit3</span> <span class='ocrx_word' id='word_1_98' title='bbox 586 2118 777 2201; x_wconf 85' lang='lat' dir='ltr'>timensque</span> <span class='ocrx_word' id='word_1_99' title='bbox 809 2119 984 2182; x_wconf 90' lang='lat' dir='ltr'>dominum</span> <span class='ocrx_word' id='word_1_100' title='bbox 1015 2119 1149 2185; x_wconf 87' lang='lat' dir='ltr'>Johan·</span> 
     </span>
     <span class='ocr_line' id='line_1_16' title="bbox 204 2205 1150 2303; baseline 0.001 -23"><span class='ocrx_word' id='word_1_101' title='bbox 204 2238 282 2282; x_wconf 87' lang='lat' dir='ltr'>nem</span> <span class='ocrx_word' id='word_1_102' title='bbox 310 2205 457 2303; x_wconf 86' lang='lat' dir='ltr'>Cumyn‚</span> <span class='ocrx_word' id='word_1_103' title='bbox 491 2219 650 2282; x_wconf 88' lang='lat' dir='ltr'>comitem</span> <span class='ocrx_word' id='word_1_104' title='bbox 681 2218 723 2282; x_wconf 90' lang='lat' dir='ltr'>de</span> <span class='ocrx_word' id='word_1_105' title='bbox 754 2217 953 2293; x_wconf 85' lang='lat' dir='ltr'>Badenach,</span> <span class='ocrx_word' id='word_1_106' title='bbox 985 2219 1045 2300; x_wconf 90' lang='lat' dir='ltr'>qui</span> <span class='ocrx_word' id='word_1_107' title='bbox 1075 2225 1150 2282; x_wconf 86' lang='lat' dir='ltr'>erat</span> 
     </span>
     <span class='ocr_line' id='line_1_17' title="bbox 202 2316 1150 2400; baseline 0.001 -20"><span class='ocrx_word' id='word_1_108' title='bbox 202 2316 305 2382; x_wconf 91' lang='lat' dir='ltr'>homo</span> <span class='ocrx_word' id='word_1_109' title='bbox 327 2317 505 2400; x_wconf 86' lang='lat' dir='ltr'>potensin</span> <span class='ocrx_word' id='word_1_110' title='bbox 527 2325 621 2382; x_wconf 89' lang='lat' dir='ltr'>terra</span> <span class='ocrx_word' id='word_1_111' title='bbox 638 2317 711 2392; x_wconf 87' lang='lat' dir='ltr'>illa,</span> <span class='ocrx_word' id='word_1_112' title='bbox 728 2324 763 2382; x_wconf 91' lang='lat' dir='ltr'>et</span> <span class='ocrx_word' id='word_1_113' title='bbox 784 2318 894 2382; x_wconf 88' lang='lat' dir='ltr'>fidelis</span> <span class='ocrx_word' id='word_1_114' title='bbox 916 2318 1052 2383; x_wconf 89' lang='lat' dir='ltr'>domino</span> <span class='ocrx_word' id='word_1_115' title='bbox 1075 2319 1150 2399; x_wconf 85' lang='lat' dir='ltr'>regi</span> 
     </span>
     <span class='ocr_line' id='line_1_18' title="bbox 204 2415 1151 2499; baseline -0.002 -17"><span class='ocrx_word' id='word_1_116' title='bbox 204 2415 354 2499; x_wconf 81' lang='lat' dir='ltr'>Angliae‚</span> <span class='ocrx_word' id='word_1_117' title='bbox 383 2418 440 2480; x_wconf 91' lang='lat' dir='ltr'>oui</span> <span class='ocrx_word' id='word_1_118' title='bbox 472 2416 671 2498; x_wconf 81' lang='lat' dir='ltr'>homagium</span> <span class='ocrx_word' id='word_1_119' title='bbox 699 2417 848 2492; x_wconf 80' lang='lat' dir='ltr'>fecerat3</span> <span class='ocrx_word' id='word_1_120' title='bbox 894 2423 934 2481; x_wconf 71' lang='lat' dir='ltr'>&#39;et</span> <span class='ocrx_word' id='word_1_121' title='bbox 965 2418 1077 2481; x_wconf 92' lang='lat' dir='ltr'>sciens</span> <span class='ocrx_word' id='word_1_122' title='bbox 1113 2437 1151 2480; x_wconf 87' lang='lat' dir='ltr'>se</span> 
     </span>
     <span class='ocr_line' id='line_1_19' title="bbox 198 2515 1151 2598; baseline -0.005 -14"><span class='ocrx_word' id='word_1_123' title='bbox 198 2515 362 2598; x_wconf 91' lang='lat' dir='ltr'>impediri</span> <span class='ocrx_word' id='word_1_124' title='bbox 387 2535 490 2598; x_wconf 88' lang='lat' dir='ltr'>posse</span> <span class='ocrx_word' id='word_1_125' title='bbox 514 2536 577 2598; x_wconf 88' lang='lat' dir='ltr'>per</span> <span class='ocrx_word' id='word_1_126' title='bbox 599 2537 690 2591; x_wconf 90' lang='lat' dir='ltr'>eum,</span> <span class='ocrx_word' id='word_1_127' title='bbox 711 2517 804 2580; x_wconf 86' lang='lat' dir='ltr'>misit</span> <span class='ocrx_word' id='word_1_128' title='bbox 831 2517 875 2582; x_wconf 88' lang='lat' dir='ltr'>ad</span> <span class='ocrx_word' id='word_1_129' title='bbox 903 2537 981 2580; x_wconf 91' lang='lat' dir='ltr'>eum</span> <span class='ocrx_word' id='word_1_130' title='bbox 1008 2519 1043 2580; x_wconf 90' lang='lat' dir='ltr'>in</span> <span class='ocrx_word' id='word_1_131' title='bbox 1071 2516 1151 2581; x_wconf 90' lang='lat' dir='ltr'>dolo</span> 
     </span>
     <span class='ocr_line' id='line_1_20' title="bbox 205 2615 1151 2694; baseline 0.002 -16"><span class='ocrx_word' id='word_1_132' title='bbox 205 2615 291 2680; x_wconf 90' lang='lat' dir='ltr'>duos</span> <span class='ocrx_word' id='word_1_133' title='bbox 323 2634 368 2680; x_wconf 86' lang='lat' dir='ltr'>ex</span> <span class='ocrx_word' id='word_1_134' title='bbox 400 2615 564 2680; x_wconf 85' lang='lat' dir='ltr'>fratribus</span> <span class='ocrx_word' id='word_1_135' title='bbox 595 2616 679 2694; x_wconf 75' lang='lat' dir='ltr'>suia,</span> <span class='ocrx_word' id='word_1_136' title='bbox 712 2615 881 2680; x_wconf 86' lang='lat' dir='ltr'>Thomam</span> <span class='ocrx_word' id='word_1_137' title='bbox 914 2616 1075 2680; x_wconf 85' lang='lat' dir='ltr'>videlicet</span> <span class='ocrx_word' id='word_1_138' title='bbox 1108 2616 1151 2680; x_wconf 90' lang='lat' dir='ltr'>de</span> 
     </span>
     <span class='ocr_line' id='line_1_21' title="bbox 205 2713 1151 2797; baseline 0.002 -20"><span class='ocrx_word' id='word_1_139' title='bbox 205 2714 296 2780; x_wconf 86' lang='lat' dir='ltr'>Brus</span> <span class='ocrx_word' id='word_1_140' title='bbox 310 2722 345 2778; x_wconf 87' lang='lat' dir='ltr'>et</span> <span class='ocrx_word' id='word_1_141' title='bbox 360 2713 550 2796; x_wconf 85' lang='lat' dir='ltr'>Nigellum,</span> <span class='ocrx_word' id='word_1_142' title='bbox 566 2735 694 2795; x_wconf 83' lang='lat' dir='ltr'>rogans</span> <span class='ocrx_word' id='word_1_143' title='bbox 706 2723 746 2779; x_wconf 91' lang='lat' dir='ltr'>ut</span> <span class='ocrx_word' id='word_1_144' title='bbox 761 2715 962 2797; x_wconf 84' lang='lat' dir='ltr'>dignaretur</span> <span class='ocrx_word' id='word_1_145' title='bbox 974 2717 1091 2780; x_wconf 85' lang='lat' dir='ltr'>venire</span> <span class='ocrx_word' id='word_1_146' title='bbox 1107 2715 1151 2782; x_wconf 88' lang='lat' dir='ltr'>ad</span> 
     </span>
     <span class='ocr_line' id='line_1_22' title="bbox 204 2813 1249 2897; baseline 0.005 -18"><span class='ocrx_word' id='word_1_147' title='bbox 204 2833 243 2879; x_wconf 85' lang='lat' dir='ltr'>se</span> <span class='ocrx_word' id='word_1_148' title='bbox 259 2814 353 2896; x_wconf 88' lang='lat' dir='ltr'>apud</span> <span class='ocrx_word' id='word_1_149' title='bbox 369 2813 533 2891; x_wconf 64' lang='lat' dir='ltr'>Donnes</span> <span class='ocrx_word' id='word_1_150' title='bbox 552 2831 656 2895; x_wconf 90' lang='lat' dir='ltr'>super</span> <span class='ocrx_word' id='word_1_151' title='bbox 671 2815 877 2897; x_wconf 87' lang='lat' dir='ltr'>quibusdam</span> <span class='ocrx_word' id='word_1_152' title='bbox 893 2817 1042 2896; x_wconf 87' lang='lat' dir='ltr'>negotiis</span> <span class='ocrx_word' id='word_1_153' title='bbox 1060 2823 1152 2880; x_wconf 86' lang='lat' dir='ltr'>trac·</span> <span class='ocrx_word' id='word_1_154' title='bbox 1247 2877 1249 2884; x_wconf 93' lang='lat'><em>.</em></span> 
     </span>
     <span class='ocr_line' id='line_1_23' title="bbox 200 2914 1153 2996; baseline 0.002 -20"><span class='ocrx_word' id='word_1_155' title='bbox 200 2920 342 2988; x_wconf 80' lang='lat' dir='ltr'>taturus</span> <span class='ocrx_word' id='word_1_156' title='bbox 359 2931 438 2976; x_wconf 90' lang='lat' dir='ltr'>cum</span> <span class='ocrx_word' id='word_1_157' title='bbox 453 2933 494 2977; x_wconf 89' lang='lat' dir='ltr'>eo</span> <span class='ocrx_word' id='word_1_158' title='bbox 517 2931 596 2994; x_wconf 85' lang='lat' dir='ltr'>quae</span> <span class='ocrx_word' id='word_1_159' title='bbox 612 2914 804 2994; x_wconf 82' lang='lat' dir='ltr'>tangebant</span> <span class='ocrx_word' id='word_1_160' title='bbox 821 2922 995 2996; x_wconf 87' lang='lat' dir='ltr'>utrosque.</span> <span class='ocrx_word' id='word_1_161' title='bbox 1048 2914 1153 2978; x_wconf 88' lang='lat' dir='ltr'>Sede·</span> 
     </span>
     <span class='ocr_line' id='line_1_24' title="bbox 206 3010 1151 3095; baseline 0 -21"><span class='ocrx_word' id='word_1_162' title='bbox 206 3013 291 3076; x_wconf 90' lang='lat' dir='ltr'>bant</span> <span class='ocrx_word' id='word_1_163' title='bbox 313 3011 404 3076; x_wconf 91' lang='lat' dir='ltr'>enim</span> <span class='ocrx_word' id='word_1_164' title='bbox 421 3011 603 3095; x_wconf 86' lang='lat' dir='ltr'>justitiarii</span> <span class='ocrx_word' id='word_1_165' title='bbox 620 3010 749 3075; x_wconf 89' lang='lat' dir='ltr'>domini</span> <span class='ocrx_word' id='word_1_166' title='bbox 767 3013 859 3093; x_wconf 82' lang='lat' dir='ltr'>regis</span> <span class='ocrx_word' id='word_1_167' title='bbox 874 3011 1013 3094; x_wconf 84' lang='lat' dir='ltr'>Angliae</span> <span class='ocrx_word' id='word_1_168' title='bbox 1031 3013 1151 3077; x_wconf 89' lang='lat' dir='ltr'>eodem</span> 
     </span>
     <span class='ocr_line' id='line_1_25' title="bbox 206 3109 1284 3189; baseline 0.002 -15"><span class='ocrx_word' id='word_1_169' title='bbox 206 3111 262 3174; x_wconf 90' lang='lat' dir='ltr'>die</span> <span class='ocrx_word' id='word_1_170' title='bbox 281 3112 318 3174; x_wconf 93' lang='lat' dir='ltr'>in</span> <span class='ocrx_word' id='word_1_171' title='bbox 339 3118 465 3186; x_wconf 85' lang='lat' dir='ltr'>castro,</span> <span class='ocrx_word' id='word_1_172' title='bbox 485 3126 535 3175; x_wconf 88' lang='lat' dir='ltr'>1v.</span> <span class='ocrx_word' id='word_1_173' title='bbox 556 3109 689 3174; x_wconf 88' lang='lat' dir='ltr'>scilieet</span> <span class='ocrx_word' id='word_1_174' title='bbox 711 3111 788 3174; x_wconf 88' lang='lat' dir='ltr'>idus</span> <span class='ocrx_word' id='word_1_175' title='bbox 816 3109 1022 3176; x_wconf 61' lang='lat' dir='ltr'>Februarii.2</span> <span class='ocrx_word' id='word_1_176' title='bbox 1067 3110 1148 3189; x_wconf 81' lang='lat' dir='ltr'>Qui,</span> <span class='ocrx_word' id='word_1_177' title='bbox 1164 3127 1284 3178; x_wconf 64' lang='lat' dir='ltr'>murder,</span> 
     </span>
     <span class='ocr_line' id='line_1_26' title="bbox 204 3180 1258 3294; baseline 0.001 -20"><span class='ocrx_word' id='word_1_178' title='bbox 204 3211 289 3274; x_wconf 90' lang='lat' dir='ltr'>nihil</span> <span class='ocrx_word' id='word_1_179' title='bbox 315 3209 397 3273; x_wconf 87' lang='lat' dir='ltr'>mali</span> <span class='ocrx_word' id='word_1_180' title='bbox 419 3211 612 3292; x_wconf 86' lang='lat' dir='ltr'>suspicans,</span> <span class='ocrx_word' id='word_1_181' title='bbox 634 3211 729 3275; x_wconf 89' lang='lat' dir='ltr'>venit</span> <span class='ocrx_word' id='word_1_182' title='bbox 753 3211 798 3275; x_wconf 93' lang='lat' dir='ltr'>ad</span> <span class='ocrx_word' id='word_1_183' title='bbox 823 3230 996 3275; x_wconf 87' lang='lat' dir='ltr'>eumcum</span> <span class='ocrx_word' id='word_1_184' title='bbox 1020 3180 1258 3294; x_wconf 59' lang='lat' dir='ltr'>paucismw&#39;</span> 
     </span>
     <span class='ocr_line' id='line_1_27' title="bbox 205 3309 1151 3393; baseline 0 -19"><span class='ocrx_word' id='word_1_185' title='bbox 205 3319 240 3376; x_wconf 90' lang='lat' dir='ltr'>et</span> <span class='ocrx_word' id='word_1_186' title='bbox 254 3317 375 3373; x_wconf 91' lang='lat' dir='ltr'>mutuo</span> <span class='ocrx_word' id='word_1_187' title='bbox 390 3328 428 3374; x_wconf 87' lang='lat' dir='ltr'>se</span> <span class='ocrx_word' id='word_1_188' title='bbox 441 3316 643 3392; x_wconf 88' lang='lat' dir='ltr'>receperunt</span> <span class='ocrx_word' id='word_1_189' title='bbox 653 3309 689 3372; x_wconf 92' lang='lat' dir='ltr'>in</span> <span class='ocrx_word' id='word_1_190' title='bbox 705 3311 874 3387; x_wconf 88' lang='lat' dir='ltr'>osculum,</span> <span class='ocrx_word' id='word_1_191' title='bbox 885 3310 946 3374; x_wconf 88' lang='lat' dir='ltr'>sed</span> <span class='ocrx_word' id='word_1_192' title='bbox 961 3330 1029 3375; x_wconf 91' lang='lat' dir='ltr'>non</span> <span class='ocrx_word' id='word_1_193' title='bbox 1044 3311 1151 3393; x_wconf 87' lang='lat' dir='ltr'>pacis,</span> 
     </span>
     <span class='ocr_line' id='line_1_28' title="bbox 203 3408 1154 3492; baseline 0 -19"><span class='ocrx_word' id='word_1_194' title='bbox 203 3410 238 3473; x_wconf 93' lang='lat' dir='ltr'>in</span> <span class='ocrx_word' id='word_1_195' title='bbox 253 3410 404 3474; x_wconf 89' lang='lat' dir='ltr'>claustro</span> <span class='ocrx_word' id='word_1_196' title='bbox 416 3409 562 3474; x_wconf 80' lang='lat' dir='ltr'>fratrum</span> <span class='ocrx_word' id='word_1_197' title='bbox 574 3408 762 3472; x_wconf 90' lang='lat' dir='ltr'>Minorum.</span> <span class='ocrx_word' id='word_1_198' title='bbox 806 3409 1092 3492; x_wconf 88' lang='lat' dir='ltr'>Cumquemutuc</span> <span class='ocrx_word' id='word_1_199' title='bbox 1105 3410 1154 3473; x_wconf 92' lang='lat' dir='ltr'>lo·</span> 
     </span>
     <span class='ocr_line' id='line_1_29' title="bbox 205 3508 1153 3592; baseline 0 -20"><span class='ocrx_word' id='word_1_200' title='bbox 205 3516 391 3591; x_wconf 86' lang='lat' dir='ltr'>querentur</span> <span class='ocrx_word' id='word_1_201' title='bbox 412 3509 457 3572; x_wconf 88' lang='lat' dir='ltr'>ad</span> <span class='ocrx_word' id='word_1_202' title='bbox 471 3508 631 3585; x_wconf 87' lang='lat' dir='ltr'>invicem,</span> <span class='ocrx_word' id='word_1_203' title='bbox 645 3509 770 3584; x_wconf 85' lang='lat' dir='ltr'>verbis,</span> <span class='ocrx_word' id='word_1_204' title='bbox 788 3516 828 3573; x_wconf 89' lang='lat' dir='ltr'>nt</span> <span class='ocrx_word' id='word_1_205' title='bbox 845 3510 1038 3584; x_wconf 87' lang='lat' dir='ltr'>videbatur,</span> <span class='ocrx_word' id='word_1_206' title='bbox 1058 3510 1153 3592; x_wconf 91' lang='lat' dir='ltr'>paci-</span> 
     </span>
     <span class='ocr_line' id='line_1_30' title="bbox 204 3607 1157 3691; baseline 0.001 -21"><span class='ocrx_word' id='word_1_207' title='bbox 204 3607 289 3684; x_wconf 68' lang='lat' dir='ltr'>ficis</span> <span class='ocrx_word' id='word_1_208' title='bbox 313 3609 431 3672; x_wconf 87' lang='lat' dir='ltr'>statim</span> <span class='ocrx_word' id='word_1_209' title='bbox 457 3615 658 3673; x_wconf 88' lang='lat' dir='ltr'>convertens</span> <span class='ocrx_word' id='word_1_210' title='bbox 680 3608 813 3684; x_wconf 83' lang='lat' dir='ltr'>faciem,</span> <span class='ocrx_word' id='word_1_211' title='bbox 838 3615 873 3673; x_wconf 91' lang='lat' dir='ltr'>et</span> <span class='ocrx_word' id='word_1_212' title='bbox 888 3611 993 3673; x_wconf 88' lang='lat' dir='ltr'>verba</span> <span class='ocrx_word' id='word_1_213' title='bbox 1016 3613 1157 3691; x_wconf 86' lang='lat' dir='ltr'>perver-</span> 
     </span>
    </p>
   </div>
   <div class='ocr_carea' id='block_1_6' title="bbox 207 3708 1154 3791">
    <p class='ocr_par' dir='ltr' id='par_1_6' title="bbox 207 3708 1154 3791">
     <span class='ocr_line' id='line_1_31' title="bbox 207 3708 1154 3791; baseline 0 -20"><span class='ocrx_word' id='word_1_214' title='bbox 207 3714 295 3783; x_wconf 85' lang='lat' dir='ltr'>tens,</span> <span class='ocrx_word' id='word_1_215' title='bbox 309 3708 416 3789; x_wconf 86' lang='lat' dir='ltr'>coepit</span> <span class='ocrx_word' id='word_1_216' title='bbox 432 3708 666 3790; x_wconf 87' lang='lat' dir='ltr'>improperare</span> <span class='ocrx_word' id='word_1_217' title='bbox 683 3709 713 3770; x_wconf 88' lang='lat' dir='ltr'>ei</span> <span class='ocrx_word' id='word_1_218' title='bbox 730 3708 773 3772; x_wconf 88' lang='lat' dir='ltr'>de</span> <span class='ocrx_word' id='word_1_219' title='bbox 789 3708 957 3773; x_wconf 85' lang='lat' dir='ltr'>seditione</span> <span class='ocrx_word' id='word_1_220' title='bbox 972 3728 1047 3785; x_wconf 87' lang='lat' dir='ltr'>sua,</span> <span class='ocrx_word' id='word_1_221' title='bbox 1062 3708 1154 3791; x_wconf 90' lang='lat' dir='ltr'>quod</span> 
     </span>
    </p>
   </div>
   <div class='ocr_carea' id='block_1_7' title="bbox 242 3947 1105 4031">
    <p class='ocr_par' dir='ltr' id='par_1_7' title="bbox 242 3947 1105 4031">
     <span class='ocr_line' id='line_1_32' title="bbox 242 3947 1105 4031; baseline 0.035 -32"><span class='ocrx_word' id='word_1_222' title='bbox 242 3953 250 3982; x_wconf 84' lang='lat'>¹</span> <span class='ocrx_word' id='word_1_223' title='bbox 265 3953 291 4000; x_wconf 88' lang='lat' dir='ltr'>It</span> <span class='ocrx_word' id='word_1_224' title='bbox 301 3952 356 4000; x_wconf 83' lang='lat' dir='ltr'>will</span> <span class='ocrx_word' id='word_1_225' title='bbox 366 3951 398 3999; x_wconf 92' lang='lat' dir='ltr'>be</span> <span class='ocrx_word' id='word_1_226' title='bbox 415 3949 548 3998; x_wconf 84' lang='lat' dir='ltr'>remurked</span> <span class='ocrx_word' id='word_1_227' title='bbox 559 3948 614 3998; x_wconf 80' lang='lat' dir='ltr'>that</span> <span class='ocrx_word' id='word_1_228' title='bbox 624 3947 667 3997; x_wconf 85' lang='lat' dir='ltr'>the</span> <span class='ocrx_word' id='word_1_229' title='bbox 730 3979 875 4031; x_wconf 69' lang='lat' dir='ltr'>’Matthew</span> <span class='ocrx_word' id='word_1_230' title='bbox 888 3983 917 4030; x_wconf 79' lang='lat' dir='ltr'>of</span> <span class='ocrx_word' id='word_1_231' title='bbox 929 3982 1105 4031; x_wconf 81' lang='lat' dir='ltr'>westminster</span> 
     </span>
    </p>
   </div>
   <div class='ocr_carea' id='block_1_8' title="bbox 202 4019 1160 4256">
    <p class='ocr_par' dir='ltr' id='par_1_8' title="bbox 202 4019 1160 4256">
     <span class='ocr_line' id='line_1_33' title="bbox 204 4019 1158 4116; baseline 0.019 -34"><span class='ocrx_word' id='word_1_232' title='bbox 204 4023 336 4083; x_wconf 69' lang='lat' dir='ltr'>f⁰ll⁰Wi¹¹ss</span> <span class='ocrx_word' id='word_1_233' title='bbox 352 4020 460 4070; x_wconf 58' lang='lat' dir='ltr'>remim</span> <span class='ocrx_word' id='word_1_234' title='bbox 481 4019 569 4100; x_wconf 50' lang='lat' dir='ltr'>dfffm</span> <span class='ocrx_word' id='word_1_235' title='bbox 587 4019 669 4067; x_wconf 67' lang='lat' dir='ltr'><strong>⁰⁰⁰⁵i‘</strong></span> <span class='ocrx_word' id='word_1_236' title='bbox 696 4048 756 4116; x_wconf 72' lang='lat'>453)</span> <span class='ocrx_word' id='word_1_237' title='bbox 764 4066 822 4112; x_wconf 84' lang='lat' dir='ltr'>says</span> <span class='ocrx_word' id='word_1_238' title='bbox 834 4052 889 4100; x_wconf 88' lang='lat' dir='ltr'>that</span> <span class='ocrx_word' id='word_1_239' title='bbox 899 4051 968 4101; x_wconf 89' lang='lat' dir='ltr'>John</span> <span class='ocrx_word' id='word_1_240' title='bbox 979 4050 1085 4114; x_wconf 83' lang='lat' dir='ltr'>Oomyn,</span> <span class='ocrx_word' id='word_1_241' title='bbox 1097 4051 1158 4100; x_wconf 85' lang='lat' dir='ltr'>Earl</span> 
     </span>
     <span class='ocr_line' id='line_1_34' title="bbox 202 4088 1160 4184; baseline 0.02 -33"><span class='ocrx_word' id='word_1_242' title='bbox 202 4092 311 4173; x_wconf 8' lang='lat' dir='ltr'>*deratrly</span> <span class='ocrx_word' id='word_1_243' title='bbox 327 4091 391 4173; x_wconf 66' lang='lat' dir='ltr'>f¹.⁰¹¹²</span> <span class='ocrx_word' id='word_1_244' title='bbox 407 4089 464 4171; x_wconf 55' lang='lat' dir='ltr'><strong>‚that</strong></span> <span class='ocrx_word' id='word_1_245' title='bbox 482 4101 557 4150; x_wconf 55' lang='grc' dir='ltr'>ΕΜ</span> <span class='ocrx_word' id='word_1_246' title='bbox 574 4089 609 4150; x_wconf 60' lang='lat' dir='ltr'>by</span> <span class='ocrx_word' id='word_1_247' title='bbox 627 4088 669 4138; x_wconf 59' lang='lat' dir='ltr'>the</span> <span class='ocrx_word' id='word_1_248' title='bbox 697 4123 725 4171; x_wconf 90' lang='lat' dir='ltr'>of</span> <span class='ocrx_word' id='word_1_249' title='bbox 739 4121 906 4184; x_wconf 77' lang='lat' dir='ltr'>Badenough,</span> <span class='ocrx_word' id='word_1_250' title='bbox 916 4135 972 4170; x_wconf 85' lang='lat' dir='ltr'>was</span> <span class='ocrx_word' id='word_1_251' title='bbox 983 4121 1117 4171; x_wconf 89' lang='lat' dir='ltr'>murdered</span> <span class='ocrx_word' id='word_1_252' title='bbox 1128 4136 1160 4170; x_wconf 92' lang='lat' dir='ltr'>on</span> 
     </span>
     <span class='ocr_line' id='line_1_35' title="bbox 204 4157 985 4256; baseline 0.008 -46"><span class='ocrx_word' id='word_1_253' title='bbox 204 4162 315 4211; x_wconf 82' lang='lat' dir='ltr'>Scottrsh</span> <span class='ocrx_word' id='word_1_254' title='bbox 326 4161 471 4220; x_wconf 74' lang='lat' dir='ltr'>intonans,</span> <span class='ocrx_word' id='word_1_255' title='bbox 479 4158 530 4206; x_wconf 79' lang='lat' dir='ltr'>and</span> <span class='ocrx_word' id='word_1_256' title='bbox 542 4157 671 4219; x_wconf 79' lang='lat' dir='ltr'>generally</span> <span class='ocrx_word' id='word_1_257' title='bbox 698 4193 740 4240; x_wconf 53' lang='lat' dir='ltr'>the</span> <span class='ocrx_word' id='word_1_258' title='bbox 752 4191 812 4241; x_wconf 56' lang='lat' dir='ltr'>ml</span> <span class='ocrx_word' id='word_1_259' title='bbox 823 4191 852 4240; x_wconf 64' lang='lat' dir='ltr'>of</span> <span class='ocrx_word' id='word_1_260' title='bbox 859 4192 985 4256; x_wconf 36' lang='lat' dir='ltr'><strong>‘Imm&#39;</strong></span> 
     </span>
    </p>
   </div>
   <div class='ocr_carea' id='block_1_9' title="bbox 206 4229 605 4294">
    <p class='ocr_par' dir='ltr' id='par_1_9' title="bbox 206 4229 605 4294">
     <span class='ocr_line' id='line_1_36' title="bbox 206 4229 605 4294; baseline -0.01 -13"><span class='ocrx_word' id='word_1_261' title='bbox 206 4231 325 4281; x_wconf 78' lang='lat' dir='ltr'>followed</span> <span class='ocrx_word' id='word_1_262' title='bbox 336 4232 371 4294; x_wconf 83' lang='lat' dir='ltr'>by</span> <span class='ocrx_word' id='word_1_263' title='bbox 382 4229 485 4279; x_wconf 87' lang='lat' dir='ltr'>modern</span> <span class='ocrx_word' id='word_1_264' title='bbox 496 4229 605 4277; x_wconf 76' lang='lat' dir='ltr'>writers.</span> 
     </span>
    </p>
   </div>
   <div class='ocr_carea' id='block_1_10' title="bbox 1119 3980 1157 4047">
    <p class='ocr_par' dir='ltr' id='par_1_10' title="bbox 1119 3980 1157 4047">
     <span class='ocr_line' id='line_1_37' title="bbox 1119 3980 1157 4047; baseline -0.079 0"><span class='ocrx_word' id='word_1_265' title='bbox 1119 3980 1157 4047; x_wconf 82' lang='lat' dir='ltr'>(r-</span> 
     </span>
    </p>
   </div>
   <div class='ocr_carea' id='block_1_11' title="bbox 0 0 1597 4992">
    <p class='ocr_par' dir='ltr' id='par_1_11' title="bbox 0 0 1597 4992">
     <span class='ocr_line' id='line_1_38' title="bbox 0 0 1597 4992; baseline 0 0"><span class='ocrx_word' id='word_1_266' title='bbox 0 0 1597 4992; x_wconf 95' lang='lat' dir='ltr'> </span> 
     </span>
    </p>
   </div>
  </div>
 </body>
</html>
