3138 4988
242 683 294 723 Edu
296 678 334 720 ard
343 677 374 716 11

248 735 274 772 A
282 732 307 771 D.
319 729 376 768 1³08.

236 815 286 852 Ball
295 813 319 852 oi
329 811 386 858 Pure

236 865 272 903 Cle
273 865 333 902 ment

236 925 300 954 reem
276 911 364 960 earnlng

237 966 274 1002 tbe
283 964 346 1002 Tem·

237 1014 301 1063 plan.

392 486 459 550 290
759 499 970 546 canonicor

395 658 445 722 eis
460 656 619 740 quaedam
635 655 704 722 alia
722 655 899 720 horribilia
921 661 956 721 et
979 653 1161 718 inhonesta
1184 655 1344 730 confessi,

237 777 486 840 ---quae,
498 763 537 820 ut
552 774 670 822 eorum
687 755 731 818 ad
748 773 900 836 praesens
915 771 1098 835 parcamus
1116 755 1347 828 verecundiae,

360 819 617 920 ¹”subticemus
666 854 699 918 N
702 873 741 918 os
752 855 859 935 rgrtur
868 853 1024 917 volentes
1039 852 1233 934 superbiis,
1246 864 1348 935 prout

399 956 442 1020 ad
472 973 534 1019 nos
561 960 708 1035 spectat,
735 972 924 1034 congruum
955 952 1144 1016 remedium
1173 952 1346 1028 adhibere,

400 1055 607 1118 auctoritate
636 1052 826 1134 apostolica
856 1051 1045 1116 districtius
1082 1051 1275 1116 inhibemus
1305 1073 1347 1116 ne

400 1154 527 1236 aliquis
549 1152 592 1215 de
619 1160 746 1216 caetero
769 1151 898 1216 eisdem
922 1150 1130 1234 Templariis
1151 1151 1206 1236 vel
1230 1170 1348 1215 eorum

401 1253 505 1316 alicui
529 1252 678 1316 scienter
702 1250 758 1316 vel
780 1249 917 1331 publice
941 1247 998 1314 vel
1022 1249 1157 1312 occulte
1179 1250 1348 1314 auxilium

401 1357 556 1434 praestet,
568 1350 749 1414 consilium
764 1350 818 1412 vel
832 1348 998 1422 favorem,
1012 1368 1074 1412 seu
1087 1348 1173 1412 alias
1188 1348 1283 1429 ipsos
1293 1351 1349 1414 vel

402 1450 553 1530 aliquem
585 1469 703 1514 eorum
732 1455 908 1529 receptare
939 1467 1002 1512 seu
1033 1449 1180 1512 retinere
1207 1454 1270 1512 aut
1299 1449 1349 1512 eis

403 1549 518 1612 favere
533 1555 732 1629 praesumat,
750 1547 810 1614 sed
833 1566 892 1613 eos
915 1556 1083 1629 tanquam
1105 1554 1283 1627 suspectos
1306 1548 1350 1612 de

404 1648 528 1712 haeresi
550 1647 689 1710 omuino
710 1646 865 1710 devitet:
898 1645 1101 1710 mandantes
1130 1645 1351 1710 nihilominus

405 1747 524 1812 eadam
542 1746 748 1810 auctoritate
763 1746 921 1810 omnibus
936 1745 1082 1826 singulis
1097 1744 1351 1821 ecclesiasticis,

405 1846 687 1925 secularibusque
710 1844 877 1925 personis,
896 1863 1028 1908 necnon
1053 1842 1277 1925 principibus
1294 1864 1352 1909 co-

406 1945 558 2020 mitibus,
571 1944 769 2018 baronibuS,
786 1943 969 2018 nobilibus,
978 1942 1145 2008 militibus
1160 1949 1194 2006 et
1208 1943 1349 2024 plebeis,

407 2063 448 2108 ae
463 2043 765 2108 communitatibus
777 2042 969 2117 civitatum,
978 2050 1184 2116 castrorum,
1194 2041 1353 2107 villarum

407 2151 442 2222 pt
467 2142 613 2207 aliorum
636 2141 801 2219 locorum,
823 2148 996 2222 quatenus
1013 2140 1124 2206 dictos
1138 2139 1354 2221 Templarios

408 2243 560 2323 capiant,
578 2248 614 2306 et
629 2259 688 2304 eos
702 2240 856 2308 locorum
871 2240 1053 2306 ordinariis
1067 2241 1142 2306 sine
1153 2237 1356 2305 difficultate

408 2341 564 2422 qualibet
589 2340 766 2420 assignare
795 2359 836 2410 ac
864 2339 1001 2426 tradere
1032 2358 1102 2405 non
1132 2345 1354 2426 postponant.

411 2441 488 2504 Nos
505 2446 621 2506 autem
642 2457 761 2504 omnes
783 2446 819 2502 et
842 2438 997 2520 singulos
1015 2437 1252 2520 cujuscunque
1268 2458 1354 2520 prae·

410 2539 615 2613 eminentiae,
631 2536 821 2618 dignitatis,
837 2537 979 2613 ordinis,
995 2537 1200 2602 conditionis
1224 2556 1264 2602 ac
1281 2545 1353 2600 sta-

409 2634 1357 2717 tus,etiamsipontifieali‘prefulgeant*dignitate,qui

410 2735 617 2818 supradictis
632 2735 840 2817 Templariis
859 2736 914 2800 vel
936 2753 1054 2798 eorum
1072 2734 1176 2799 alicui
1193 2736 1355 2811 scienter,

410 2835 547 2917 publice
573 2833 630 2898 vel
651 2835 787 2900 occulte
808 2834 1026 2916 praestabunt
1048 2834 1227 2910 auxilium,
1248 2838 1358 2899 consi·

411 2934 494 2997 lium
525 2934 578 2998 vel
611 2934 777 3010 favorem,
805 2933 861 2998 vel
888 2932 976 2996 alias
1000 2933 1095 3015 ipsos
1122 2953 1184 2998 seu
1208 2934 1356 3015 aliquem

411 3035 566 3116 ipsorum
591 3040 768 3115 receptare
787 3031 844 3098 vel
868 3031 1028 3108 retinere,
1044 3040 1105 3099 aut
1125 3033 1187 3109 eis,
1210 3040 1249 3096 ut
1268 3052 1356 3114 prae·

413 3133 572 3209 mittitur,
595 3132 711 3198 favere
731 3132 1027 3213 praesumpserint,
1043 3131 1251 3196 auctoritato
1269 3151 1357 3214 prae·

412 3233 559 3298 sentium
577 3230 944 3296 excommunicationis
957 3231 1127 3298 sententia
1142 3231 1358 3307 innodamus,

412 3350 453 3394 ac
468 3333 639 3407 civitates,
656 3339 785 3406 castra,
800 3337 911 3395 terras
934 3337 969 3396 et
992 3329 1081 3405 loca,
1099 3349 1176 3412 quae
1190 3331 1286 3411 ipsos
1302 3331 1359 3394 vel

411 3431 562 3510 aliquem
577 3448 695 3493 eorum
708 3428 857 3493 scienter
871 3429 1087 3511 susceperint
1101 3429 1158 3494 vel
1174 3429 1358 3505 tenuerint,

410 3527 643 3590 ecclesiastico
656 3527 882 3609 supponimus
897 3527 1094 3603 interdicto,
1109 3528 1360 3594 absolutionem

414 3625 657 3707 praedictorum
677 3632 907 3707 praeterquam
933 3626 968 3689 in
993 3626 1114 3692 mortis
1139 3626 1297 3703 articulo,
1319 3646 1360 3690 ac

412 3725 661 3788 relaxationem
693 3725 803 3806 ipsius
833 3725 1007 3789 interdicti
1033 3726 1132 3791 nobis
1164 3727 1361 3807 nostrisque

413 3824 668 3888 successoribus
694 3833 923 3899 reservantes,
947 3843 1017 3888 non
1044 3825 1263 3891 obstantibus
1285 3825 1361 3906 qui-

413 3923 564 3988 buslibet
592 3923 794 4006 privilegiis,
823 3923 1047 4004 indulgentiis
1076 3930 1111 3986 et
1142 3923 1253 3990 literis
1276 3943 1361 4005 apo·

414 4023 936 4104 stolicisquibuscunqueetsub
947 4041 1154 4104 quacunque
1165 4021 1362 4090 formaver-

607 4249 616 4282 ¹
634 4252 808 4315 ‘presulem'
820 4250 878 4300 MS.
890 4250 921 4302 G.
934 4249 965 4302 0.
978 4249 1007 4301 0.
1021 4251 1095 4301 Cant.
1106 4255 1163 4302 aab.
