3144 4990
404 483 575 532 wrnvnar
599 485 646 533 nn
668 483 950 534 nnurncruncn.
1088 465 1154 530 385

205 637 288 720 quic
319 638 395 722 ejus
426 641 600 723 personali
631 641 804 724 colloquio
837 641 905 704 frui
935 639 1151 716 volebamus,
1166 643 1313 740 Egygfqallf·

206 736 421 804 londoniam
439 741 556 805 venire
578 741 747 806 maturius
764 761 832 806 non
852 740 1015 807 tardaret.
1068 738 1150 820 Ipse
1163 747 1318 826 M*

204 856 300 914 vero,
328 857 463 922 semper
491 840 642 904 tumidus
668 841 704 904 in
733 841 920 923 prosperis.
940 848 976 903 et
1009 837 1148 903 timidus
1162 826 1314 926 ,lffi'ssliffi

203 935 239 999 in
257 937 423 1017 adversis,
439 940 616 1022 trepidans
637 940 759 1005 timore
776 941 836 1004 ubi
852 958 921 1004 non
942 944 1018 1004 crat
1034 938 1148 1015 timor,
1160 928 1287 973 ⁰¹¹‘⁰¹¹‘¹⁰¹¹’

204 1035 271 1100 sibi
308 1038 496 1122 pericnlum
534 1058 595 1122 per
633 1039 768 1121 aliquos
804 1039 903 1104 nobis
946 1039 1149 1102 assistentes

205 1133 448 1218 intemptatum
485 1146 520 1203 et
564 1139 821 1216 comminatum,
857 1138 887 1201 si
922 1139 966 1201 ab
1003 1136 1149 1201 ecclesia
1183 1143 1184 1146 ’

206 1232 448 1300 Cantuariensi
464 1237 651 1314 recederet,
662 1238 839 1302 imminere
854 1237 966 1301 minus
981 1237 1149 1303 veraciter

204 1332 381 1416 allegavit,
411 1336 494 1418 quia
534 1337 611 1413 hoc,
644 1343 733 1400 teste
762 1337 840 1400 Deo
873 1344 908 1401 et
944 1355 1032 1417 pura
1067 1354 1149 1403 con·

206 1433 361 1511 scientia,
383 1453 560 1517 nunquam
587 1435 623 1498 in
649 1442 798 1518 mentem
826 1442 980 1501 nostram
1012 1433 1148 1510 cecidit,

206 1551 268 1596 nec
285 1533 431 1618 alicujus
448 1533 546 1600 nobis
562 1534 766 1610 assistentis,
782 1541 821 1598 ut
836 1533 1017 1610 credimus,
1033 1534 1149 1614 tetigit

206 1632 407 1713 cogitatum,
444 1653 641 1716 quanquam
679 1633 772 1698 clero
810 1641 846 1698 et
882 1633 1011 1716 populo
1051 1634 1148 1714 regni

206 1732 314 1796 nostri
338 1731 562 1814 malignitatis
589 1753 662 1798 suae
691 1734 814 1797 merito
841 1753 879 1796 se
903 1733 1050 1796 reddidit
1074 1733 1147 1797 odi*

206 1850 318 1895 osum.
371 1831 446 1896 Nos
490 1840 605 1897 autem
644 1833 704 1914 qui
739 1839 882 1896 cunctos
921 1831 965 1895 ad
994 1841 1148 1895 nostram

208 1931 426 2011 praesentiam
461 1931 633 2007 accedere,
658 1932 830 2014 praecipue
860 1931 987 1996 nostris
1012 1930 1056 1994 ad
1082 1930 1148 1994 hoc

208 2029 317 2094 literis
353 2031 409 2094 vel
448 2031 582 2094 nunciis
615 2031 815 2108 advocatos,
851 2031 954 2112 plena
991 2030 1148 2094 ¹volumus

207 2129 391 2193 securitate
422 2130 585 2212 gaudere,
611 2131 655 2194 ad
686 2129 952 2196 convincendam
977 2129 1052 2213 ejus
1078 2148 1149 2192 ma·

207 2226 330 2305 litium,
347 2229 509 2293 dilectum
533 2237 568 2294 et
591 2229 725 2295 fidelem
745 2237 902 2294 nostrum
923 2228 1148 2314 Radulphum

208 2328 250 2391 de
287 2327 469 2405 Stafforde,
503 2328 642 2411 hospitii
682 2329 791 2393 nostri
834 2328 1071 2404 senescallum,
1106 2328 1149 2392 ad

207 2426 322 2509 ipsum
348 2423 605 2504 destinavimus,
634 2435 673 2493 ut
700 2429 730 2492 ei
758 2447 915 2493 securum
942 2428 1151 2492 conductum

208 2525 345 2592 offerret
368 2534 402 2591 et
421 2526 570 2607 faceret;
594 2529 708 2610 regias
725 2545 830 2610 super
845 2528 909 2592 hoc
929 2526 1151 2592 nihilominus

207 2625 325 2690 literas
361 2634 521 2709 patentes
561 2627 677 2709 sigillo
717 2628 811 2710 regio
855 2627 1076 2708 consignatas
1120 2627 1152 2696 ei

208 2723 350 2790 fecimus
374 2727 588 2808 praesentari,
615 2726 741 2792 iterato
763 2727 967 2798 mandantes
992 2726 1083 2808 quod
1107 2728 1151 2792 ad

208 2844 272 2888 nos
298 2826 524 2907 personaliter
552 2826 741 2902 accederet,
762 2826 958 2891 inchoatam
984 2826 1151 2890 sollicitu-

208 2923 322 2987 dinem
338 2932 493 2988 nostram
510 2925 756 2990 informaturus
772 2944 875 3006 super
891 2925 989 3006 regni
1004 2925 1152 3006 negotiis

209 3041 287 3104 quae
302 3023 406 3104 longo
423 3030 577 3105 tempore
592 3032 760 3105 gesserat,
775 3030 815 3087 ut
830 3024 1022 3106 praefertur.
1069 3023 1152 3105 Ipse

210 3140 304 3199 vero,
319 3141 459 3204 precum
483 3129 518 3186 et
539 3122 780 3186 mandatorum
798 3130 993 3187 nostrorum
1008 3123 1153 3186 lenitate

210 3228 419 3304 contempta,
444 3220 540 3285 vultu
566 3229 601 3288 et
623 3223 738 3286 animo
760 3222 940 3304 indignato
963 3222 1151 3304 respondit,

209 3319 304 3402 quod
349 3340 387 3387 se
434 3321 560 3385 nostris
597 3322 837 3404 conspectibus
871 3341 932 3386 seu
973 3321 1152 3402 colloquiis

209 3439 428 3504 nequaquam
451 3421 634 3498 conferret,
649 3421 716 3485 nisi
737 3421 772 3484 in
797 3421 901 3503 pleno·
925 3421 1152 3503 parliamento

211 3528 341 3596 nostro,
363 3520 455 3601 quod
481 3521 517 3583 in
543 3520 609 3584 hiis
633 3520 767 3598 diebus,
788 3541 834 3585 ex
861 3520 975 3585 causis
999 3521 1151 3587 rationav

210 3618 347 3695 bilibus,
379 3620 577 3684 nullatenus
604 3620 745 3704 expedit
774 3621 971 3685 convocari.
1026 3619 1153 3703 sicque

210 3716 300 3782 idem
344 3717 623 3802 archiepiscopus
659 3738 761 3801 quem
796 3720 923 3802 regalis
957 3720 1153 3800 benignitas

211 3816 383 3882 beneficiis
410 3826 444 3881 et
471 3817 656 3884 honoribus
681 3819 873 3900 magnificis
900 3820 1093 3900 ampliavit,
1119 3826 1154 3883 et

210 3916 246 3979 in
279 3936 350 3980 suae
379 3917 622 3982 familiaritatis
658 3919 859 4000 sacrarium,
887 3925 922 3982 et
947 3918 1153 3986 unanimita-

209 4022 279 4081 tem
307 4016 479 4092 amicitiae,
506 4024 540 4080 et
578 4017 750 4081 vinculum
780 4017 932 4093 foederis,
961 4016 1154 4094 accersivit,

211 4134 316 4196 super
347 4133 461 4197 quem,
492 4115 583 4180 sicut
615 4122 749 4197 patrem
779 4115 1006 4190 carissimum,
1039 4123 1155 4180 noster

209 4214 352 4297 spiritus
391 4223 426 4279 et
464 4214 599 4286 animus
638 4215 818 4305 requievit,
848 4215 1036 4299 quinetiam
1074 4207 1154 4284 dum

260 4355 339 4402 VOL.
356 4356 396 4403 ll.
941 4358 961 4403 O
985 4357 1004 4403 0
