<?xml version="1.0" encoding="UTF-8"?>
<!DOCTYPE html PUBLIC "-//W3C//DTD XHTML 1.0 Transitional//EN"
    "http://www.w3.org/TR/xhtml1/DTD/xhtml1-transitional.dtd">
<html xmlns="http://www.w3.org/1999/xhtml" xml:lang="en" lang="en">
 <head>
  <title>
</title>
<meta http-equiv="Content-Type" content="text/html;charset=utf-8" />
  <meta name='ocr-system' content='tesseract 3.04.00' />
  <meta name='ocr-capabilities' content='ocr_page ocr_carea ocr_par ocr_line ocrx_word'/>
</head>
<body>
  <div class='ocr_page' id='page_1' title='image "./chronicondomini00hamigoog_0069.png"; bbox 0 0 3126 4986; ppageno 0'>
   <div class='ocr_carea' id='block_1_1' title="bbox 427 469 1177 552">
    <p class='ocr_par' dir='ltr' id='par_1_1' title="bbox 427 469 1177 552">
     <span class='ocr_line' id='line_1_1' title="bbox 427 469 1177 552; baseline -0.008 0"><span class='ocrx_word' id='word_1_1' title='bbox 427 469 669 552; x_wconf 75' lang='lat' dir='ltr'><strong>wnnrnmnn</strong></span> <span class='ocrx_word' id='word_1_2' title='bbox 692 501 976 549; x_wconf 80' lang='lat' dir='ltr'><strong>nnurncaoncn.</strong></span> <span class='ocrx_word' id='word_1_3' title='bbox 1134 485 1177 546; x_wconf 79' lang='lat'><strong>55</strong></span> 
     </span>
    </p>
   </div>
   <div class='ocr_carea' id='block_1_2' title="bbox 220 661 1327 742">
    <p class='ocr_par' dir='ltr' id='par_1_2' title="bbox 220 661 1327 742">
     <span class='ocr_line' id='line_1_2' title="bbox 220 661 1327 742; baseline -0.003 -17"><span class='ocrx_word' id='word_1_4' title='bbox 220 683 295 726; x_wconf 91' lang='lat' dir='ltr'><strong>eam</strong></span> <span class='ocrx_word' id='word_1_5' title='bbox 317 663 433 726; x_wconf 88' lang='lat' dir='ltr'><strong>renuit</strong></span> <span class='ocrx_word' id='word_1_6' title='bbox 450 668 485 725; x_wconf 91' lang='lat' dir='ltr'><strong>et</strong></span> <span class='ocrx_word' id='word_1_7' title='bbox 500 662 719 742; x_wconf 80' lang='lat' dir='ltr'><strong>contempsit,</strong></span> <span class='ocrx_word' id='word_1_8' title='bbox 735 667 770 725; x_wconf 91' lang='lat' dir='ltr'><strong>et</strong></span> <span class='ocrx_word' id='word_1_9' title='bbox 785 667 915 742; x_wconf 89' lang='lat' dir='ltr'><strong>quanto</strong></span> <span class='ocrx_word' id='word_1_10' title='bbox 929 661 1041 742; x_wconf 83' lang='lat' dir='ltr'><strong>magis</strong></span> <span class='ocrx_word' id='word_1_11' title='bbox 1054 680 1175 742; x_wconf 86' lang='lat' dir='ltr'><strong>pacem</strong></span> <span class='ocrx_word' id='word_1_12' title='bbox 1203 675 1293 716; x_wconf 67' lang='lat' dir='ltr'><strong>navus</strong></span> <span class='ocrx_word' id='word_1_13' title='bbox 1307 677 1327 717; x_wconf 88' lang='lat'><strong>1.</strong></span> 
     </span>
    </p>
   </div>
   <div class='ocr_carea' id='block_1_3' title="bbox 216 761 1179 4024">
    <p class='ocr_par' dir='ltr' id='par_1_3' title="bbox 216 761 1179 4024">
     <span class='ocr_line' id='line_1_3' title="bbox 221 761 1176 845; baseline -0.002 -20"><span class='ocrx_word' id='word_1_14' title='bbox 221 763 447 845; x_wconf 86' lang='lat' dir='ltr'><strong>quaesivimus</strong></span> <span class='ocrx_word' id='word_1_15' title='bbox 472 768 571 826; x_wconf 89' lang='lat' dir='ltr'><strong>tanto</strong></span> <span class='ocrx_word' id='word_1_16' title='bbox 595 762 705 842; x_wconf 81' lang='lat' dir='ltr'><strong>magis</strong></span> <span class='ocrx_word' id='word_1_17' title='bbox 733 779 871 824; x_wconf 87' lang='lat' dir='ltr'><strong>eramus</strong></span> <span class='ocrx_word' id='word_1_18' title='bbox 898 761 943 823; x_wconf 91' lang='lat' dir='ltr'><strong>ab</strong></span> <span class='ocrx_word' id='word_1_19' title='bbox 966 779 1009 824; x_wconf 90' lang='lat' dir='ltr'><strong>ea</strong></span> <span class='ocrx_word' id='word_1_20' title='bbox 1037 761 1176 841; x_wconf 85' lang='lat' dir='ltr'><strong>longius</strong></span> 
     </span>
     <span class='ocr_line' id='line_1_4' title="bbox 220 859 1177 944; baseline -0.001 -20"><span class='ocrx_word' id='word_1_21' title='bbox 220 863 384 944; x_wconf 88' lang='lat' dir='ltr'><strong>separati.</strong></span> <span class='ocrx_word' id='word_1_22' title='bbox 437 861 607 926; x_wconf 89' lang='lat' dir='ltr'><strong>Videntes</strong></span> <span class='ocrx_word' id='word_1_23' title='bbox 631 868 747 923; x_wconf 89' lang='lat' dir='ltr'><strong>autem</strong></span> <span class='ocrx_word' id='word_1_24' title='bbox 765 879 829 923; x_wconf 92' lang='lat' dir='ltr'><strong>nos</strong></span> <span class='ocrx_word' id='word_1_25' title='bbox 847 860 998 923; x_wconf 86' lang='lat' dir='ltr'><strong>finaliter</strong></span> <span class='ocrx_word' id='word_1_26' title='bbox 1012 861 1063 923; x_wconf 89' lang='lat' dir='ltr'><strong>sic</strong></span> <span class='ocrx_word' id='word_1_27' title='bbox 1077 859 1177 923; x_wconf 91' lang='lat' dir='ltr'><strong>illudi</strong></span> 
     </span>
     <span class='ocr_line' id='line_1_5' title="bbox 220 958 1177 1043; baseline -0.001 -19"><span class='ocrx_word' id='word_1_28' title='bbox 220 961 311 1025; x_wconf 86' lang='lat' dir='ltr'><strong>lianc</strong></span> <span class='ocrx_word' id='word_1_29' title='bbox 336 981 497 1043; x_wconf 82' lang='lat' dir='ltr'>guerram</span> <span class='ocrx_word' id='word_1_30' title='bbox 519 958 723 1042; x_wconf 84' lang='lat' dir='ltr'><strong>incepimus,</strong></span> <span class='ocrx_word' id='word_1_31' title='bbox 739 961 844 1022; x_wconf 90' lang='lat' dir='ltr'><strong>etiam</strong></span> <span class='ocrx_word' id='word_1_32' title='bbox 862 959 892 1021; x_wconf 93' lang='lat' dir='ltr'><strong>si</strong></span> <span class='ocrx_word' id='word_1_33' title='bbox 910 979 1052 1023; x_wconf 89' lang='lat' dir='ltr'><strong>necesse</strong></span> <span class='ocrx_word' id='word_1_34' title='bbox 1072 958 1177 1023; x_wconf 89' lang='lat' dir='ltr'><strong>fuerit</strong></span> 
     </span>
     <span class='ocr_line' id='line_1_6' title="bbox 222 1060 1176 1144; baseline -0.001 -21"><span class='ocrx_word' id='word_1_35' title='bbox 222 1081 286 1143; x_wconf 89' lang='lat' dir='ltr'><strong>pro</strong></span> <span class='ocrx_word' id='word_1_36' title='bbox 297 1061 438 1144; x_wconf 87' lang='lat' dir='ltr'><strong>justitia</strong></span> <span class='ocrx_word' id='word_1_37' title='bbox 454 1068 574 1124; x_wconf 90' lang='lat' dir='ltr'><strong>nostra</strong></span> <span class='ocrx_word' id='word_1_38' title='bbox 588 1060 830 1142; x_wconf 89' lang='lat' dir='ltr'><strong>consequenda</strong></span> <span class='ocrx_word' id='word_1_39' title='bbox 846 1077 956 1140; x_wconf 89' lang='lat' dir='ltr'><strong>usqua</strong></span> <span class='ocrx_word' id='word_1_40' title='bbox 972 1060 1016 1123; x_wconf 89' lang='lat' dir='ltr'><strong>ad</strong></span> <span class='ocrx_word' id='word_1_41' title='bbox 1030 1066 1176 1123; x_wconf 88' lang='lat' dir='ltr'><strong>mortem</strong></span> 
     </span>
     <span class='ocr_line' id='line_1_7' title="bbox 222 1157 1175 1240; baseline -0.002 -17"><span class='ocrx_word' id='word_1_42' title='bbox 222 1160 510 1238; x_wconf 66' lang='lat' dir='ltr'><strong>continuandam</strong></span> <span class='ocrx_word' id='word_1_43' title='bbox 540 1179 660 1222; x_wconf 88' lang='lat' dir='ltr'><strong>verum</strong></span> <span class='ocrx_word' id='word_1_44' title='bbox 686 1159 768 1240; x_wconf 92' lang='lat' dir='ltr'><strong>qnia</strong></span> <span class='ocrx_word' id='word_1_45' title='bbox 794 1166 894 1222; x_wconf 89' lang='lat' dir='ltr'><strong>terrae</strong></span> <span class='ocrx_word' id='word_1_46' title='bbox 910 1166 1036 1222; x_wconf 87' lang='lat' dir='ltr'><strong>vestrae</strong></span> <span class='ocrx_word' id='word_1_47' title='bbox 1051 1157 1175 1240; x_wconf 84' lang='lat' dir='ltr'><strong>Angli-</strong></span> 
     </span>
     <span class='ocr_line' id='line_1_8' title="bbox 222 1258 1175 1340; baseline 0 -17"><span class='ocrx_word' id='word_1_48' title='bbox 222 1279 319 1323; x_wconf 89' lang='lat' dir='ltr'><strong>canae</strong></span> <span class='ocrx_word' id='word_1_49' title='bbox 343 1279 411 1323; x_wconf 91' lang='lat' dir='ltr'><strong>uon</strong></span> <span class='ocrx_word' id='word_1_50' title='bbox 438 1279 514 1322; x_wconf 91' lang='lat' dir='ltr'><strong>sum</strong></span> <span class='ocrx_word' id='word_1_51' title='bbox 538 1258 604 1321; x_wconf 90' lang='lat' dir='ltr'><strong>nisi</strong></span> <span class='ocrx_word' id='word_1_52' title='bbox 627 1277 717 1321; x_wconf 89' lang='lat' dir='ltr'><strong>nnus</strong></span> <span class='ocrx_word' id='word_1_53' title='bbox 736 1258 837 1340; x_wconf 85' lang='lat' dir='ltr'><strong>quasi</strong></span> <span class='ocrx_word' id='word_1_54' title='bbox 858 1258 971 1320; x_wconf 88' lang='lat' dir='ltr'><strong>malus</strong></span> <span class='ocrx_word' id='word_1_55' title='bbox 994 1266 1124 1334; x_wconf 65' lang='lat' dir='ltr'><strong>custos</strong></span> <span class='ocrx_word' id='word_1_56' title='bbox 1140 1267 1175 1324; x_wconf 89' lang='lat' dir='ltr'><strong>et</strong></span> 
     </span>
     <span class='ocr_line' id='line_1_9' title="bbox 221 1356 1174 1440; baseline -0.001 -19"><span class='ocrx_word' id='word_1_57' title='bbox 221 1380 290 1423; x_wconf 92' lang='lat' dir='ltr'><strong>nou</strong></span> <span class='ocrx_word' id='word_1_58' title='bbox 302 1357 484 1422; x_wconf 87' lang='lat' dir='ltr'><strong>‘tantum&#39;¹</strong></span> <span class='ocrx_word' id='word_1_59' title='bbox 501 1359 579 1440; x_wconf 86' lang='lat' dir='ltr'><strong>ipsa</strong></span> <span class='ocrx_word' id='word_1_60' title='bbox 594 1364 688 1420; x_wconf 86' lang='lat' dir='ltr'><strong>terra</strong></span> <span class='ocrx_word' id='word_1_61' title='bbox 703 1364 820 1420; x_wconf 88' lang='lat' dir='ltr'><strong>vestra</strong></span> <span class='ocrx_word' id='word_1_62' title='bbox 833 1356 945 1421; x_wconf 72' lang='lat' dir='ltr'><strong>‘sed’²</strong></span> <span class='ocrx_word' id='word_1_63' title='bbox 963 1363 1038 1422; x_wconf 86' lang='lat' dir='ltr'><strong>tota</strong></span> <span class='ocrx_word' id='word_1_64' title='bbox 1053 1356 1174 1439; x_wconf 86' lang='lat' dir='ltr'><strong>Angli-</strong></span> 
     </span>
     <span class='ocr_line' id='line_1_10' title="bbox 220 1457 1173 1540; baseline -0.002 -18"><span class='ocrx_word' id='word_1_65' title='bbox 220 1478 309 1522; x_wconf 91' lang='lat' dir='ltr'><strong>cana</strong></span> <span class='ocrx_word' id='word_1_66' title='bbox 325 1459 470 1522; x_wconf 84' lang='lat' dir='ltr'><strong>ecclesie</strong></span> <span class='ocrx_word' id='word_1_67' title='bbox 483 1458 558 1540; x_wconf 91' lang='lat' dir='ltr'><strong>jam</strong></span> <span class='ocrx_word' id='word_1_68' title='bbox 576 1457 611 1519; x_wconf 94' lang='lat' dir='ltr'><strong>in</strong></span> <span class='ocrx_word' id='word_1_69' title='bbox 629 1463 726 1520; x_wconf 86' lang='lat' dir='ltr'><strong>arcto</strong></span> <span class='ocrx_word' id='word_1_70' title='bbox 745 1458 885 1539; x_wconf 88' lang='lat' dir='ltr'><strong>ponitur</strong></span> <span class='ocrx_word' id='word_1_71' title='bbox 899 1464 935 1520; x_wconf 88' lang='lat' dir='ltr'><strong>et</strong></span> <span class='ocrx_word' id='word_1_72' title='bbox 948 1465 1107 1521; x_wconf 90' lang='lat' dir='ltr'><strong>movetur</strong></span> <span class='ocrx_word' id='word_1_73' title='bbox 1122 1458 1173 1520; x_wconf 86' lang='lat' dir='ltr'><strong>in-</strong></span> 
     </span>
     <span class='ocr_line' id='line_1_11' title="bbox 216 1556 1173 1641; baseline 0 -21"><span class='ocrx_word' id='word_1_74' title='bbox 216 1558 326 1641; x_wconf 90' lang='lat' dir='ltr'><strong>juste,</strong></span> <span class='ocrx_word' id='word_1_75' title='bbox 340 1577 403 1622; x_wconf 91' lang='lat' dir='ltr'><strong>nec</strong></span> <span class='ocrx_word' id='word_1_76' title='bbox 426 1557 629 1622; x_wconf 86' lang='lat' dir='ltr'><strong>continuare</strong></span> <span class='ocrx_word' id='word_1_77' title='bbox 655 1575 838 1638; x_wconf 89' lang='lat' dir='ltr'><strong>possumus</strong></span> <span class='ocrx_word' id='word_1_78' title='bbox 862 1556 954 1638; x_wconf 91' lang='lat' dir='ltr'><strong>quod</strong></span> <span class='ocrx_word' id='word_1_79' title='bbox 982 1557 1173 1639; x_wconf 88' lang='lat' dir='ltr'><strong>incepimus</strong></span> 
     </span>
     <span class='ocr_line' id='line_1_12' title="bbox 220 1656 1172 1721; baseline 0.001 -2"><span class='ocrx_word' id='word_1_80' title='bbox 220 1659 289 1720; x_wconf 91' lang='lat' dir='ltr'><strong>nisi</strong></span> <span class='ocrx_word' id='word_1_81' title='bbox 312 1658 355 1720; x_wconf 93' lang='lat' dir='ltr'><strong>de</strong></span> <span class='ocrx_word' id='word_1_82' title='bbox 370 1657 489 1721; x_wconf 89' lang='lat' dir='ltr'><strong>eadem</strong></span> <span class='ocrx_word' id='word_1_83' title='bbox 505 1663 598 1719; x_wconf 90' lang='lat' dir='ltr'><strong>terra</strong></span> <span class='ocrx_word' id='word_1_84' title='bbox 612 1664 731 1719; x_wconf 88' lang='lat' dir='ltr'><strong>vestra</strong></span> <span class='ocrx_word' id='word_1_85' title='bbox 744 1656 841 1719; x_wconf 91' lang='lat' dir='ltr'><strong>nobis</strong></span> <span class='ocrx_word' id='word_1_86' title='bbox 857 1656 1025 1720; x_wconf 86' lang='lat' dir='ltr'><strong>auxilium</strong></span> <span class='ocrx_word' id='word_1_87' title='bbox 1041 1658 1172 1721; x_wconf 85' lang='lat' dir='ltr'><strong>tribua-</strong></span> 
     </span>
     <span class='ocr_line' id='line_1_13' title="bbox 222 1755 1172 1838; baseline 0 -18"><span class='ocrx_word' id='word_1_88' title='bbox 222 1764 291 1832; x_wconf 87' lang='lat' dir='ltr'><strong>tur,</strong></span> <span class='ocrx_word' id='word_1_89' title='bbox 316 1758 444 1821; x_wconf 89' lang='lat' dir='ltr'><strong>idcirco</strong></span> <span class='ocrx_word' id='word_1_90' title='bbox 466 1755 642 1820; x_wconf 86' lang='lat' dir='ltr'><strong>orationes</strong></span> <span class='ocrx_word' id='word_1_91' title='bbox 667 1762 799 1818; x_wconf 88' lang='lat' dir='ltr'><strong>vestras</strong></span> <span class='ocrx_word' id='word_1_92' title='bbox 825 1757 861 1818; x_wconf 94' lang='lat' dir='ltr'><strong>in</strong></span> <span class='ocrx_word' id='word_1_93' title='bbox 883 1757 1046 1838; x_wconf 87' lang='lat' dir='ltr'><strong>praesenti</strong></span> <span class='ocrx_word' id='word_1_94' title='bbox 1067 1776 1172 1838; x_wconf 88' lang='lat' dir='ltr'><strong>expe·</strong></span> 
     </span>
     <span class='ocr_line' id='line_1_14' title="bbox 222 1855 1174 1937; baseline 0 -18"><span class='ocrx_word' id='word_1_95' title='bbox 222 1857 327 1919; x_wconf 90' lang='lat' dir='ltr'><strong>timus</strong></span> <span class='ocrx_word' id='word_1_96' title='bbox 367 1865 402 1921; x_wconf 85' lang='lat' dir='ltr'><strong>et</strong></span> <span class='ocrx_word' id='word_1_97' title='bbox 429 1863 583 1920; x_wconf 88' lang='lat' dir='ltr'><strong>vestrum</strong></span> <span class='ocrx_word' id='word_1_98' title='bbox 617 1855 784 1918; x_wconf 87' lang='lat' dir='ltr'><strong>auxilium</strong></span> <span class='ocrx_word' id='word_1_99' title='bbox 823 1855 1059 1937; x_wconf 85' lang='lat' dir='ltr'><strong>implorantes.</strong></span> <span class='ocrx_word' id='word_1_100' title='bbox 1128 1856 1174 1919; x_wconf 86' lang='lat' dir='ltr'><strong>Et</strong></span> 
     </span>
     <span class='ocr_line' id='line_1_15' title="bbox 218 1945 1175 2038; baseline 0 -20"><span class='ocrx_word' id='word_1_101' title='bbox 218 1955 316 2038; x_wconf 86' lang='lat' dir='ltr'><strong>juste</strong></span> <span class='ocrx_word' id='word_1_102' title='bbox 345 1945 634 2031; x_wconf 75' lang='lat' dir='ltr'><strong>debetiS,dori1ini</strong></span> <span class='ocrx_word' id='word_1_103' title='bbox 658 1955 838 2030; x_wconf 89' lang='lat' dir='ltr'><strong>carissimi,</strong></span> <span class='ocrx_word' id='word_1_104' title='bbox 854 1961 889 2018; x_wconf 87' lang='lat' dir='ltr'><strong>et</strong></span> <span class='ocrx_word' id='word_1_105' title='bbox 909 1957 1083 2036; x_wconf 83' lang='lat' dir='ltr'><strong>praecipue</strong></span> <span class='ocrx_word' id='word_1_106' title='bbox 1106 1955 1175 2018; x_wconf 89' lang='lat' dir='ltr'><strong>ista</strong></span> 
     </span>
     <span class='ocr_line' id='line_1_16' title="bbox 224 2053 1175 2137; baseline 0.001 -21"><span class='ocrx_word' id='word_1_107' title='bbox 224 2055 357 2118; x_wconf 85' lang='lat' dir='ltr'><strong>ratione</strong></span> <span class='ocrx_word' id='word_1_108' title='bbox 382 2055 550 2137; x_wconf 89' lang='lat' dir='ltr'><strong>impertiri</strong></span> <span class='ocrx_word' id='word_1_109' title='bbox 576 2053 757 2130; x_wconf 87' lang='lat' dir='ltr'><strong>auxilium,</strong></span> <span class='ocrx_word' id='word_1_110' title='bbox 784 2055 947 2136; x_wconf 90' lang='lat' dir='ltr'><strong>quoniam</strong></span> <span class='ocrx_word' id='word_1_111' title='bbox 972 2054 1096 2118; x_wconf 85' lang='lat' dir='ltr'><strong>videtis</strong></span> <span class='ocrx_word' id='word_1_112' title='bbox 1120 2073 1175 2117; x_wconf 78' lang='lat' dir='ltr'><strong>co</strong></span> 
     </span>
     <span class='ocr_line' id='line_1_17' title="bbox 224 2153 1176 2234; baseline 0.001 -18"><span class='ocrx_word' id='word_1_113' title='bbox 224 2155 336 2230; x_wconf 89' lang='lat' dir='ltr'><strong>mites,</strong></span> <span class='ocrx_word' id='word_1_114' title='bbox 365 2156 523 2233; x_wconf 88' lang='lat' dir='ltr'><strong>barones,</strong></span> <span class='ocrx_word' id='word_1_115' title='bbox 554 2161 590 2216; x_wconf 89' lang='lat' dir='ltr'><strong>et</strong></span> <span class='ocrx_word' id='word_1_116' title='bbox 627 2153 753 2217; x_wconf 81' lang='lat' dir='ltr'><strong>milites</strong></span> <span class='ocrx_word' id='word_1_117' title='bbox 789 2160 937 2229; x_wconf 88' lang='lat' dir='ltr'><strong>vestros,</strong></span> <span class='ocrx_word' id='word_1_118' title='bbox 974 2153 1067 2234; x_wconf 92' lang='lat' dir='ltr'><strong>quod</strong></span> <span class='ocrx_word' id='word_1_119' title='bbox 1108 2173 1176 2217; x_wconf 92' lang='lat' dir='ltr'><strong>non</strong></span> 
     </span>
     <span class='ocr_line' id='line_1_18' title="bbox 223 2253 1177 2335; baseline 0 -19"><span class='ocrx_word' id='word_1_120' title='bbox 223 2253 336 2316; x_wconf 89' lang='lat' dir='ltr'><strong>solum</strong></span> <span class='ocrx_word' id='word_1_121' title='bbox 351 2255 453 2331; x_wconf 89' lang='lat' dir='ltr'><strong>bona,</strong></span> <span class='ocrx_word' id='word_1_122' title='bbox 473 2273 590 2318; x_wconf 89' lang='lat' dir='ltr'><strong>verum</strong></span> <span class='ocrx_word' id='word_1_123' title='bbox 610 2253 715 2316; x_wconf 89' lang='lat' dir='ltr'><strong>etiam</strong></span> <span class='ocrx_word' id='word_1_124' title='bbox 741 2271 888 2335; x_wconf 86' lang='lat' dir='ltr'><strong>corpora</strong></span> <span class='ocrx_word' id='word_1_125' title='bbox 910 2271 974 2316; x_wconf 86' lang='lat' dir='ltr'><strong>sua</strong></span> <span class='ocrx_word' id='word_1_126' title='bbox 997 2254 1177 2334; x_wconf 85' lang='lat' dir='ltr'><strong>provehis</strong></span> 
     </span>
     <span class='ocr_line' id='line_1_19' title="bbox 224 2352 1178 2436; baseline 0 -20"><span class='ocrx_word' id='word_1_127' title='bbox 224 2360 404 2435; x_wconf 90' lang='lat' dir='ltr'><strong>exponunt</strong></span> <span class='ocrx_word' id='word_1_128' title='bbox 421 2360 458 2416; x_wconf 90' lang='lat' dir='ltr'><strong>et</strong></span> <span class='ocrx_word' id='word_1_129' title='bbox 481 2373 544 2436; x_wconf 91' lang='lat' dir='ltr'><strong>pro</strong></span> <span class='ocrx_word' id='word_1_130' title='bbox 567 2360 660 2416; x_wconf 79' lang='lat' dir='ltr'><strong>terra</strong></span> <span class='ocrx_word' id='word_1_131' title='bbox 674 2359 793 2416; x_wconf 86' lang='lat' dir='ltr'><strong>vestra</strong></span> <span class='ocrx_word' id='word_1_132' title='bbox 809 2372 877 2416; x_wconf 91' lang='lat' dir='ltr'><strong>non</strong></span> <span class='ocrx_word' id='word_1_133' title='bbox 902 2353 1013 2415; x_wconf 85' lang='lat' dir='ltr'><strong>solum</strong></span> <span class='ocrx_word' id='word_1_134' title='bbox 1035 2352 1079 2416; x_wconf 93' lang='lat' dir='ltr'><strong>ad</strong></span> <span class='ocrx_word' id='word_1_135' title='bbox 1099 2371 1178 2416; x_wconf 91' lang='lat' dir='ltr'><strong>san-</strong></span> 
     </span>
     <span class='ocr_line' id='line_1_20' title="bbox 224 2451 1175 2534; baseline 0 -19"><span class='ocrx_word' id='word_1_136' title='bbox 224 2453 339 2534; x_wconf 83' lang='lat' dir='ltr'><strong>guinis</strong></span> <span class='ocrx_word' id='word_1_137' title='bbox 361 2452 573 2529; x_wconf 88' lang='lat' dir='ltr'><strong>effusionem,</strong></span> <span class='ocrx_word' id='word_1_138' title='bbox 588 2451 693 2515; x_wconf 91' lang='lat' dir='ltr'><strong>immo</strong></span> <span class='ocrx_word' id='word_1_139' title='bbox 711 2452 926 2534; x_wconf 87' lang='lat' dir='ltr'><strong>frequentius</strong></span> <span class='ocrx_word' id='word_1_140' title='bbox 950 2452 994 2515; x_wconf 91' lang='lat' dir='ltr'><strong>ad</strong></span> <span class='ocrx_word' id='word_1_141' title='bbox 1018 2459 1175 2517; x_wconf 87' lang='lat' dir='ltr'><strong>mortem.</strong></span> 
     </span>
     <span class='ocr_line' id='line_1_21' title="bbox 225 2553 1178 2634; baseline -0.003 -17"><span class='ocrx_word' id='word_1_142' title='bbox 225 2553 272 2616; x_wconf 90' lang='lat' dir='ltr'><strong>Et</strong></span> <span class='ocrx_word' id='word_1_143' title='bbox 287 2573 349 2617; x_wconf 86' lang='lat' dir='ltr'><strong>vos</strong></span> <span class='ocrx_word' id='word_1_144' title='bbox 371 2553 490 2634; x_wconf 82' lang='lat' dir='ltr'><strong>igitur,</strong></span> <span class='ocrx_word' id='word_1_145' title='bbox 513 2553 574 2634; x_wconf 93' lang='lat' dir='ltr'><strong>qui</strong></span> <span class='ocrx_word' id='word_1_146' title='bbox 602 2571 749 2634; x_wconf 87' lang='lat' dir='ltr'><strong>corpora</strong></span> <span class='ocrx_word' id='word_1_147' title='bbox 764 2559 882 2616; x_wconf 85' lang='lat' dir='ltr'><strong>vestra</strong></span> <span class='ocrx_word' id='word_1_148' title='bbox 907 2571 1082 2633; x_wconf 87' lang='lat' dir='ltr'><strong>exponere</strong></span> <span class='ocrx_word' id='word_1_149' title='bbox 1108 2571 1178 2615; x_wconf 86' lang='lat' dir='ltr'><strong>non</strong></span> 
     </span>
     <span class='ocr_line' id='line_1_22' title="bbox 223 2651 1176 2734; baseline 0 -19"><span class='ocrx_word' id='word_1_150' title='bbox 223 2653 384 2734; x_wconf 66' lang='lat' dir='ltr'><strong>potestis</strong></span> <span class='ocrx_word' id='word_1_151' title='bbox 396 2652 530 2734; x_wconf 90' lang='lat' dir='ltr'><strong>justum</strong></span> <span class='ocrx_word' id='word_1_152' title='bbox 557 2658 670 2714; x_wconf 87' lang='lat' dir='ltr'><strong>estet</strong></span> <span class='ocrx_word' id='word_1_153' title='bbox 700 2651 827 2714; x_wconf 87' lang='lat' dir='ltr'><strong>rationi</strong></span> <span class='ocrx_word' id='word_1_154' title='bbox 857 2669 1046 2715; x_wconf 88' lang='lat' dir='ltr'><strong>consonum</strong></span> <span class='ocrx_word' id='word_1_155' title='bbox 1071 2659 1111 2715; x_wconf 89' lang='lat' dir='ltr'><strong>ut</strong></span> <span class='ocrx_word' id='word_1_156' title='bbox 1133 2652 1176 2715; x_wconf 89' lang='lat' dir='ltr'><strong>de</strong></span> 
     </span>
     <span class='ocr_line' id='line_1_23' title="bbox 225 2750 1176 2835; baseline 0 -21"><span class='ocrx_word' id='word_1_157' title='bbox 225 2753 324 2815; x_wconf 90' lang='lat' dir='ltr'><strong>bonis</strong></span> <span class='ocrx_word' id='word_1_158' title='bbox 349 2752 474 2816; x_wconf 85' lang='lat' dir='ltr'><strong>vestris</strong></span> <span class='ocrx_word' id='word_1_159' title='bbox 500 2750 748 2814; x_wconf 88' lang='lat' dir='ltr'><strong>subveniatis.&#39;&#39;</strong></span> <span class='ocrx_word' id='word_1_160' title='bbox 815 2750 1023 2835; x_wconf 86' lang='lat' dir='ltr'><strong>Adjecitque</strong></span> <span class='ocrx_word' id='word_1_161' title='bbox 1057 2753 1176 2815; x_wconf 90' lang='lat' dir='ltr'><strong>subse-</strong></span> 
     </span>
     <span class='ocr_line' id='line_1_24' title="bbox 224 2850 1177 2932; baseline 0 -18"><span class='ocrx_word' id='word_1_162' title='bbox 224 2851 380 2932; x_wconf 85' lang='lat' dir='ltr'><strong>quentia,</strong></span> <span class='ocrx_word' id='word_1_163' title='bbox 407 2859 447 2914; x_wconf 86' lang='lat' dir='ltr'><strong>ut</strong></span> <span class='ocrx_word' id='word_1_164' title='bbox 473 2851 629 2932; x_wconf 90' lang='lat' dir='ltr'><strong>placaret</strong></span> <span class='ocrx_word' id='word_1_165' title='bbox 655 2868 736 2928; x_wconf 90' lang='lat' dir='ltr'><strong>eos;</strong></span> <span class='ocrx_word' id='word_1_166' title='bbox 771 2850 874 2916; x_wconf 87' lang='lat' dir='ltr'><strong>scivit</strong></span> <span class='ocrx_word' id='word_1_167' title='bbox 899 2851 990 2914; x_wconf 89' lang='lat' dir='ltr'><strong>enim</strong></span> <span class='ocrx_word' id='word_1_168' title='bbox 1013 2870 1073 2914; x_wconf 91' lang='lat' dir='ltr'><strong>eos</strong></span> <span class='ocrx_word' id='word_1_169' title='bbox 1101 2870 1177 2914; x_wconf 89' lang='lat' dir='ltr'><strong>esse</strong></span> 
     </span>
     <span class='ocr_line' id='line_1_25' title="bbox 225 2948 1176 3032; baseline 0.001 -20"><span class='ocrx_word' id='word_1_170' title='bbox 225 2957 339 3014; x_wconf 89' lang='lat' dir='ltr'><strong>motos</strong></span> <span class='ocrx_word' id='word_1_171' title='bbox 363 2969 425 3032; x_wconf 88' lang='lat' dir='ltr'><strong>pro</strong></span> <span class='ocrx_word' id='word_1_172' title='bbox 453 2950 673 3012; x_wconf 88' lang='lat' dir='ltr'><strong>immunitate</strong></span> <span class='ocrx_word' id='word_1_173' title='bbox 705 2948 860 3015; x_wconf 86' lang='lat' dir='ltr'><strong>ecclesiae</strong></span> <span class='ocrx_word' id='word_1_174' title='bbox 886 2950 1028 3026; x_wconf 86' lang='lat' dir='ltr'><strong>violata,</strong></span> <span class='ocrx_word' id='word_1_175' title='bbox 1052 2957 1087 3013; x_wconf 85' lang='lat' dir='ltr'><strong>et</strong></span> <span class='ocrx_word' id='word_1_176' title='bbox 1115 2951 1176 3026; x_wconf 91' lang='lat' dir='ltr'><strong>ait,</strong></span> 
     </span>
     <span class='ocr_line' id='line_1_26' title="bbox 225 3046 1178 3130; baseline -0.002 -19"><span class='ocrx_word' id='word_1_177' title='bbox 225 3054 247 3083; x_wconf 81' lang='lat'><strong>‘⁴</strong></span> <span class='ocrx_word' id='word_1_178' title='bbox 257 3048 350 3126; x_wconf 87' lang='lat' dir='ltr'><strong>Quia</strong></span> <span class='ocrx_word' id='word_1_179' title='bbox 366 3055 523 3112; x_wconf 87' lang='lat' dir='ltr'><strong>recenter</strong></span> <span class='ocrx_word' id='word_1_180' title='bbox 533 3054 544 3083; x_wconf 90' lang='lat'>‘</span> <span class='ocrx_word' id='word_1_181' title='bbox 554 3046 655 3111; x_wconf 77' lang='lat' dir='ltr'><strong>duo&#39;³</strong></span> <span class='ocrx_word' id='word_1_182' title='bbox 670 3047 764 3112; x_wconf 89' lang='lat' dir='ltr'><strong>facta</strong></span> <span class='ocrx_word' id='word_1_183' title='bbox 780 3049 913 3112; x_wconf 86' lang='lat' dir='ltr'><strong>suntin</strong></span> <span class='ocrx_word' id='word_1_184' title='bbox 928 3050 1053 3130; x_wconf 83' lang='lat' dir='ltr'><strong>quibus</strong></span> <span class='ocrx_word' id='word_1_185' title='bbox 1069 3048 1178 3110; x_wconf 90' lang='lat' dir='ltr'><strong>admi-</strong></span> 
     </span>
     <span class='ocr_line' id='line_1_27' title="bbox 226 3146 1177 3230; baseline 0 -21"><span class='ocrx_word' id='word_1_186' title='bbox 226 3149 361 3224; x_wconf 90' lang='lat' dir='ltr'><strong>ramini,</strong></span> <span class='ocrx_word' id='word_1_187' title='bbox 389 3149 529 3230; x_wconf 86' lang='lat' dir='ltr'><strong>placare</strong></span> <span class='ocrx_word' id='word_1_188' title='bbox 554 3148 654 3212; x_wconf 86' lang='lat' dir='ltr'><strong>vohis</strong></span> <span class='ocrx_word' id='word_1_189' title='bbox 677 3147 837 3211; x_wconf 89' lang='lat' dir='ltr'><strong>volumus</strong></span> <span class='ocrx_word' id='word_1_190' title='bbox 865 3155 900 3211; x_wconf 90' lang='lat' dir='ltr'><strong>et</strong></span> <span class='ocrx_word' id='word_1_191' title='bbox 926 3148 962 3210; x_wconf 89' lang='lat' dir='ltr'><strong>in</strong></span> <span class='ocrx_word' id='word_1_192' title='bbox 987 3146 1052 3209; x_wconf 88' lang='lat' dir='ltr'><strong>hac</strong></span> <span class='ocrx_word' id='word_1_193' title='bbox 1078 3153 1177 3227; x_wconf 89' lang='lat' dir='ltr'><strong>parte</strong></span> 
     </span>
     <span class='ocr_line' id='line_1_28' title="bbox 225 3245 1176 3329; baseline -0.002 -20"><span class='ocrx_word' id='word_1_194' title='bbox 225 3247 444 3329; x_wconf 89' lang='lat' dir='ltr'><strong>respondere.</strong></span> <span class='ocrx_word' id='word_1_195' title='bbox 505 3246 740 3329; x_wconf 88' lang='lat' dir='ltr'><strong>Praeoepimus</strong></span> <span class='ocrx_word' id='word_1_196' title='bbox 788 3246 880 3328; x_wconf 90' lang='lat' dir='ltr'><strong>quod</strong></span> <span class='ocrx_word' id='word_1_197' title='bbox 925 3264 1042 3309; x_wconf 90' lang='lat' dir='ltr'><strong>omnes</strong></span> <span class='ocrx_word' id='word_1_198' title='bbox 1087 3245 1176 3308; x_wconf 88' lang='lat' dir='ltr'><strong>lanae</strong></span> 
     </span>
     <span class='ocr_line' id='line_1_29' title="bbox 227 3344 1177 3423; baseline -0.004 -13"><span class='ocrx_word' id='word_1_199' title='bbox 227 3353 329 3410; x_wconf 86' lang='lat' dir='ltr'><strong>terrae</strong></span> <span class='ocrx_word' id='word_1_200' title='bbox 355 3353 601 3423; x_wconf 88' lang='lat' dir='ltr'><strong>arestarentur,</strong></span> <span class='ocrx_word' id='word_1_201' title='bbox 624 3353 659 3410; x_wconf 89' lang='lat' dir='ltr'><strong>et</strong></span> <span class='ocrx_word' id='word_1_202' title='bbox 675 3347 741 3410; x_wconf 89' lang='lat' dir='ltr'><strong>hoc</strong></span> <span class='ocrx_word' id='word_1_203' title='bbox 767 3365 836 3409; x_wconf 92' lang='lat' dir='ltr'><strong>non</strong></span> <span class='ocrx_word' id='word_1_204' title='bbox 859 3344 934 3409; x_wconf 87' lang='lat' dir='ltr'><strong>sine</strong></span> <span class='ocrx_word' id='word_1_205' title='bbox 958 3364 1065 3408; x_wconf 91' lang='lat' dir='ltr'><strong>causa</strong></span> <span class='ocrx_word' id='word_1_206' title='bbox 1095 3344 1177 3408; x_wconf 87' lang='lat' dir='ltr'><strong>feci·</strong></span> 
     </span>
     <span class='ocr_line' id='line_1_30' title="bbox 226 3445 1177 3527; baseline 0 -20"><span class='ocrx_word' id='word_1_207' title='bbox 226 3465 315 3523; x_wconf 89' lang='lat' dir='ltr'><strong>mus,</strong></span> <span class='ocrx_word' id='word_1_208' title='bbox 350 3446 432 3527; x_wconf 89' lang='lat' dir='ltr'><strong>quia</strong></span> <span class='ocrx_word' id='word_1_209' title='bbox 464 3454 593 3510; x_wconf 87' lang='lat' dir='ltr'><strong>nostrae</strong></span> <span class='ocrx_word' id='word_1_210' title='bbox 622 3445 813 3509; x_wconf 81' lang='lat' dir='ltr'><strong>voluntatis</strong></span> <span class='ocrx_word' id='word_1_211' title='bbox 843 3445 909 3508; x_wconf 81' lang='lat' dir='ltr'><strong>fuit</strong></span> <span class='ocrx_word' id='word_1_212' title='bbox 942 3452 982 3507; x_wconf 87' lang='lat' dir='ltr'><strong>ut</strong></span> <span class='ocrx_word' id='word_1_213' title='bbox 1007 3445 1049 3508; x_wconf 90' lang='lat' dir='ltr'><strong>de</strong></span> <span class='ocrx_word' id='word_1_214' title='bbox 1079 3445 1177 3508; x_wconf 92' lang='lat' dir='ltr'><strong>bonis</strong></span> 
     </span>
     <span class='ocr_line' id='line_1_31' title="bbox 227 3541 1178 3627; baseline -0.001 -19"><span class='ocrx_word' id='word_1_215' title='bbox 227 3553 328 3609; x_wconf 89' lang='lat' dir='ltr'><strong>terrae</strong></span> <span class='ocrx_word' id='word_1_216' title='bbox 343 3545 421 3627; x_wconf 89' lang='lat' dir='ltr'><strong>ipsa</strong></span> <span class='ocrx_word' id='word_1_217' title='bbox 439 3551 531 3608; x_wconf 88' lang='lat' dir='ltr'><strong>terra</strong></span> <span class='ocrx_word' id='word_1_218' title='bbox 548 3551 812 3608; x_wconf 85' lang='lat' dir='ltr'><strong>conservaretur</strong></span> <span class='ocrx_word' id='word_1_219' title='bbox 822 3543 945 3607; x_wconf 87' lang='lat' dir='ltr'><strong>illaesa.</strong></span> <span class='ocrx_word' id='word_1_220' title='bbox 990 3541 1097 3607; x_wconf 87' lang='lat' dir='ltr'><strong>Aliud</strong></span> <span class='ocrx_word' id='word_1_221' title='bbox 1113 3551 1178 3620; x_wconf 90' lang='lat' dir='ltr'><strong>est,</strong></span> 
     </span>
     <span class='ocr_line' id='line_1_32' title="bbox 226 3643 1178 3726; baseline -0.002 -19"><span class='ocrx_word' id='word_1_222' title='bbox 226 3644 345 3707; x_wconf 88' lang='lat' dir='ltr'><strong>datum</strong></span> <span class='ocrx_word' id='word_1_223' title='bbox 377 3643 443 3707; x_wconf 84' lang='lat' dir='ltr'><strong>fuit</strong></span> <span class='ocrx_word' id='word_1_224' title='bbox 470 3644 569 3709; x_wconf 85' lang='lat' dir='ltr'><strong>nobis</strong></span> <span class='ocrx_word' id='word_1_225' title='bbox 599 3643 747 3724; x_wconf 82' lang='lat' dir='ltr'><strong>intelligi</strong></span> <span class='ocrx_word' id='word_1_226' title='bbox 782 3644 874 3726; x_wconf 93' lang='lat' dir='ltr'><strong>quod</strong></span> <span class='ocrx_word' id='word_1_227' title='bbox 905 3649 1043 3707; x_wconf 87' lang='lat' dir='ltr'><strong>moneta</strong></span> <span class='ocrx_word' id='word_1_228' title='bbox 1076 3650 1178 3707; x_wconf 84' lang='lat' dir='ltr'><strong>terrae</strong></span> 
     </span>
     <span class='ocr_line' id='line_1_33' title="bbox 227 3742 1179 3824; baseline -0.001 -19"><span class='ocrx_word' id='word_1_229' title='bbox 227 3751 355 3806; x_wconf 64' lang='lat' dir='ltr'><strong>nostrai</strong></span> <span class='ocrx_word' id='word_1_230' title='bbox 372 3753 536 3824; x_wconf 91' lang='lat' dir='ltr'><strong>corrupta</strong></span> <span class='ocrx_word' id='word_1_231' title='bbox 553 3743 618 3806; x_wconf 80' lang='lat' dir='ltr'><strong>fuit</strong></span> <span class='ocrx_word' id='word_1_232' title='bbox 633 3750 668 3806; x_wconf 91' lang='lat' dir='ltr'><strong>et</strong></span> <span class='ocrx_word' id='word_1_233' title='bbox 689 3742 827 3818; x_wconf 87' lang='lat' dir='ltr'><strong>falsata,</strong></span> <span class='ocrx_word' id='word_1_234' title='bbox 843 3743 934 3806; x_wconf 90' lang='lat' dir='ltr'><strong>unde</strong></span> <span class='ocrx_word' id='word_1_235' title='bbox 952 3744 1179 3824; x_wconf 84' lang='lat' dir='ltr'><strong>praecepimus</strong></span> 
     </span>
     <span class='ocr_line' id='line_1_34' title="bbox 227 3842 1178 3923; baseline -0.005 -18"><span class='ocrx_word' id='word_1_236' title='bbox 227 3843 317 3923; x_wconf 90' lang='lat' dir='ltr'><strong>quod</strong></span> <span class='ocrx_word' id='word_1_237' title='bbox 334 3847 503 3906; x_wconf 87' lang='lat' dir='ltr'><strong>statutum</strong></span> <span class='ocrx_word' id='word_1_238' title='bbox 520 3848 667 3906; x_wconf 86' lang='lat' dir='ltr'><strong>monetae</strong></span> <span class='ocrx_word' id='word_1_239' title='bbox 692 3842 725 3904; x_wconf 93' lang='lat' dir='ltr'><strong>in</strong></span> <span class='ocrx_word' id='word_1_240' title='bbox 755 3861 818 3904; x_wconf 93' lang='lat' dir='ltr'><strong>suo</strong></span> <span class='ocrx_word' id='word_1_241' title='bbox 845 3843 965 3904; x_wconf 87' lang='lat' dir='ltr'><strong>robore</strong></span> <span class='ocrx_word' id='word_1_242' title='bbox 992 3849 1178 3914; x_wconf 85' lang='lat' dir='ltr'><strong>teneretur,</strong></span> 
     </span>
     <span class='ocr_line' id='line_1_35' title="bbox 227 3939 1177 4024; baseline -0.005 -20"><span class='ocrx_word' id='word_1_243' title='bbox 227 3940 310 4004; x_wconf 92' lang='lat' dir='ltr'><strong>nihil</strong></span> <span class='ocrx_word' id='word_1_244' title='bbox 348 3941 430 4004; x_wconf 91' lang='lat' dir='ltr'><strong>mali</strong></span> <span class='ocrx_word' id='word_1_245' title='bbox 459 3942 699 4024; x_wconf 85' lang='lat' dir='ltr'><strong>suspicantes3</strong></span> <span class='ocrx_word' id='word_1_246' title='bbox 731 3941 790 4004; x_wconf 89' lang='lat' dir='ltr'><strong>sed</strong></span> <span class='ocrx_word' id='word_1_247' title='bbox 821 3941 856 4003; x_wconf 91' lang='lat' dir='ltr'><strong>in</strong></span> <span class='ocrx_word' id='word_1_248' title='bbox 882 3940 947 4003; x_wconf 89' lang='lat' dir='ltr'><strong>hoc</strong></span> <span class='ocrx_word' id='word_1_249' title='bbox 976 3939 1068 4002; x_wconf 89' lang='lat' dir='ltr'><strong>sacto</strong></span> <span class='ocrx_word' id='word_1_250' title='bbox 1096 3957 1177 4000; x_wconf 92' lang='lat' dir='ltr'><strong>con·</strong></span> 
     </span>
    </p>
   </div>
   <div class='ocr_carea' id='block_1_4' title="bbox 260 4214 1081 4347">
    <p class='ocr_par' dir='ltr' id='par_1_4' title="bbox 260 4214 1081 4347">
     <span class='ocr_line' id='line_1_36' title="bbox 260 4214 1071 4312; baseline 0.046 -55"><span class='ocrx_word' id='word_1_251' title='bbox 260 4214 271 4312; x_wconf 52' lang='grc' dir='ltr'>ζ</span> <span class='ocrx_word' id='word_1_252' title='bbox 287 4215 413 4297; x_wconf 68' lang='lat' dir='ltr'><strong>Sppplied</strong></span> <span class='ocrx_word' id='word_1_253' title='bbox 424 4214 488 4264; x_wconf 79' lang='lat' dir='ltr'><strong>from</strong></span> <span class='ocrx_word' id='word_1_254' title='bbox 501 4217 559 4264; x_wconf 85' lang='lat' dir='ltr'><strong>MS.</strong></span> <span class='ocrx_word' id='word_1_255' title='bbox 572 4216 668 4266; x_wconf 77' lang='lat' dir='ltr'><strong>Lauso.</strong></span> <span class='ocrx_word' id='word_1_256' title='bbox 750 4246 760 4275; x_wconf 81' lang='lat' dir='ltr'><strong>a</strong></span> <span class='ocrx_word' id='word_1_257' title='bbox 777 4248 887 4297; x_wconf 68' lang='lat' dir='ltr'><strong>‹dominj</strong></span> <span class='ocrx_word' id='word_1_258' title='bbox 899 4246 906 4269; x_wconf 76' lang='lat'><strong><em>⁹</em></strong></span> <span class='ocrx_word' id='word_1_259' title='bbox 917 4247 975 4297; x_wconf 78' lang='lat' dir='ltr'><strong>MS.</strong></span> <span class='ocrx_word' id='word_1_260' title='bbox 987 4247 1071 4296; x_wconf 77' lang='lat' dir='ltr'><strong>Lonsd</strong></span> 
     </span>
     <span class='ocr_line' id='line_1_37' title="bbox 288 4280 1081 4347; baseline 0.045 -16"><span class='ocrx_word' id='word_1_261' title='bbox 288 4285 574 4347; x_wconf 79' lang='lat' dir='ltr'><strong>‘rmm0‚’MS.Lansd.</strong></span> <span class='ocrx_word' id='word_1_262' title='bbox 889 4280 897 4310; x_wconf 72' lang='lat'>&#39;</span> <span class='ocrx_word' id='word_1_263' title='bbox 1075 4284 1081 4299; x_wconf 89' lang='lat'>.</span> 
     </span>
    </p>
   </div>
   <div class='ocr_carea' id='block_1_5' title="bbox 1201 726 1329 769">
    <p class='ocr_par' dir='ltr' id='par_1_5' title="bbox 1201 726 1329 769">
     <span class='ocr_line' id='line_1_38' title="bbox 1201 726 1329 769; baseline 0.031 -4"><span class='ocrx_word' id='word_1_264' title='bbox 1201 726 1228 767; x_wconf 79' lang='lat' dir='ltr'><strong>A.</strong></span> <span class='ocrx_word' id='word_1_265' title='bbox 1237 727 1263 766; x_wconf 87' lang='lat' dir='ltr'><strong>D.</strong></span> <span class='ocrx_word' id='word_1_266' title='bbox 1271 729 1329 769; x_wconf 79' lang='lat'>12⁹4.</span> 
     </span>
    </p>
   </div>
   <div class='ocr_carea' id='block_1_6' title="bbox 0 0 1574 4986">
    <p class='ocr_par' dir='ltr' id='par_1_6' title="bbox 0 0 1574 4986">
     <span class='ocr_line' id='line_1_39' title="bbox 0 0 1574 4986; baseline 0 0"><span class='ocrx_word' id='word_1_267' title='bbox 0 0 1574 4986; x_wconf 95' lang='lat' dir='ltr'><strong> </strong></span> 
     </span>
    </p>
   </div>
  </div>
 </body>
</html>
