3178 4992
406 464 451 529 96
774 480 988 528 onnorncon

255 654 376 745 {³⁶3²}ss
406 649 526 705 rerunt
542 643 661 722 itaque
681 641 726 704 ad
743 642 855 722 ignem
874 639 987 718 multi,
1005 648 1041 704 et
1055 625 1159 723 pauci
1178 639 1222 703 ad
1239 643 1360 722 portas

276 732 281 744 '
310 731 316 744 ’
379 730 385 745 ’
405 741 569 804 civitatis.
602 810 604 814 ,
623 740 788 804 Mulieres
811 747 939 816 tamen,
959 739 1103 803 viriliter
1127 747 1282 822 agentes,
1304 749 1358 805 at·

405 841 559 904 tulerunt
582 840 715 922 lapides
730 849 764 904 et
781 839 1002 923 projecerunt
1018 840 1054 902 in
1071 840 1201 917 hostes,
1219 841 1360 922 insuper

404 947 441 1003 et
462 959 589 1022 aquam
607 940 754 1003 calidam
772 939 977 1003 effuderunt.
1029 939 1197 1003 Extincto
1219 940 1357 1004 tandem

403 1039 494 1119 igne,
520 1059 639 1103 omnes
664 1047 794 1102 extunc
823 1037 1034 1102 unanimiter
1059 1058 1097 1102 se
1125 1038 1292 1103 dederunt
1320 1041 1357 1102 in

404 1137 533 1216 hostes,
551 1146 586 1203 et
608 1139 714 1202 muris
730 1147 764 1202 et
784 1139 892 1220 portis
914 1137 1145 1202 adhaeserunt.
1202 1136 1358 1220 Contigit

405 1245 522 1302 autem
543 1239 579 1302 in
601 1257 672 1301 una
691 1244 793 1320 porta
816 1237 989 1320 civitatis,
1004 1237 1085 1301 dum
1108 1237 1225 1303 hostes
1249 1238 1356 1319 ligna,

403 1337 535 1418 paleas,
561 1345 596 1402 et
616 1356 762 1420 quaeque
786 1336 986 1400 cremabilia
1010 1336 1194 1414 deferrent,
1217 1345 1256 1401 nt
1277 1339 1357 1420 igne

404 1438 563 1519 apposito
600 1441 804 1519 ‘portarurn
849 1442 985 1519 pateret
1031 1436 1220 1517 ingressus
1265 1456 1354 1500 unns

404 1535 555 1599 bostium
592 1536 741 1600 conlisus
784 1537 820 1600 iu
852 1535 967 1610 armiS,
1000 1533 1127 1599 cum’¹
1162 1543 1272 1618 portae
1305 1537 1355 1599 in-

403 1634 562 1712 haereret,
592 1635 732 1717 quidam
765 1654 810 1698 ex
846 1635 987 1710 nostrie,
1016 1653 1122 1717 snpra
1154 1641 1290 1716 portam
1322 1637 1358 1698 in

403 1734 533 1798 tabulis
568 1733 740 1811 sedenteS,
785 1734 946 1817 apposito
986 1753 1075 1797 uuco
1115 1734 1227 1798 serreo
1262 1753 1355 1798 com·

403 1833 658 1914 prehenderunt
690 1845 768 1897 eum·
799 1835 836 1896 in
867 1833 1023 1914 scapula,
1054 1840 1089 1896 et
1119 1833 1356 1898 clamaverunt

403 1931 445 1995 ad
482 1933 661 1998 interiores
695 1933 808 1996 socios
845 1938 884 1995 ut
914 1951 991 1994 eum
1026 1931 1258 2013 perfoderent,
1295 1935 1355 2015 qui

402 2031 520 2096 statim
556 2032 719 2115 apposita
755 2033 879 2095 lancea
912 2031 1161 2095 transfixerunt
1190 2051 1281 2109 eum,
1320 2039 1355 2097 et

401 2138 558 2195 mortuus
608 2139 673 2196 est.
742 2130 857 2210 Quem
906 2129 1205 2212 apprehendentes
1256 2133 1354 2208 socii*

402 2249 480 2292 curn
518 2228 763 2295 ‘vidissent’2
801 2235 984 2306 mortuum,
1024 2230 1237 2312 planxerunt
1274 2251 1351 2294 eum

401 2329 544 2411 planctu
565 2335 693 2410 magno
717 2328 830 2394 valde.
877 2327 963 2393 Erat
985 2329 1087 2404 enim,
1103 2335 1143 2392 ut
1166 2329 1356 2409 dicebatur,

401 2447 492 2490 unus
520 2428 562 2491 de
594 2428 819 2492 nobilioribus
850 2429 979 2492 ‘totins
1009 2426 1236 2492 Galwaliae.’⁸
1286 2429 1354 2494 Die

333 2603 336 2613 Ι
400 2531 484 2591 vero'
511 2527 687 2603 Mercurii,
714 2546 791 2590 cum
814 2544 851 2590 se
874 2527 1030 2591 viderent
1056 2527 1152 2591 Sooti
1179 2536 1248 2592 uon
1273 2534 1353 2610 pross

401 2624 502 2690 ficere
524 2627 628 2689 immo
649 2624 762 2708 magis
784 2625 942 2701 deficere,
963 2626 1179 2709 reliquerunt
1204 2627 1352 2690 obsidio-

401 2744 479 2788 nem
494 2725 678 2808 inceptam,
691 2732 726 2788 et
742 2726 872 2790 reversi
887 2733 969 2789 sunt
981 2725 1016 2788 in
1027 2725 1166 2790 Vallem
1184 2724 1353 2791 Anaudiae

400 2823 491 2888 uude
508 2825 655 2906 digressi
671 2830 765 2888 sunt.
849 2830 851 2834 '

554 3045 704 3125 Quomodo
717 3046 784 3110 Bac
794 3053 894 3111 nonar
908 3047 987 3132 cepit
1001 3048 1203 3112 Berenikwm.

238 3233 363 3322 mehe
452 3219 521 3283 Die
553 3220 719 3284 Mercurii
748 3219 784 3282 in'
816 3218 935 3283 eadem
971 3220 1163 3283 ebdomada
1194 3219 1355 3297 Paschae,

239 3333 324 3380 rear,
401 3325 542 3402 peracta
581 3319 800 3383 solemnitate
842 3318 1007 3382 Pascbali
1050 3320 1245 3383 reverentia
1283 3333 1354 3402 qua·

400 3418 550 3494 deceret,
581 3437 645 3481 rex
677 3425 795 3481 noster
827 3425 906 3480 enm
942 3418 1097 3481 exercitu
1129 3437 1191 3481 suo
1225 3425 1353 3482 terram

400 3516 616 3580 inimicorum
644 3536 787 3580 suorum
813 3516 991 3598 ingressus
1023 3522 1089 3592 est,
1118 3535 1244 3598 aquam
1275 3537 1353 3599 quae

401 3614 532 3679 Tweda
563 3615 691 3679 dicitur
715 3615 926 3680 transeundo
956 3616 1079 3679 subtus
1110 3618 1354 3680 monasterium

401 3720 599 3777 sanctarum
633 3715 834 3781 monialium
869 3715 911 3778 de
942 3713 1168 3790 Caldestrem,
1197 3721 1231 3777 et
1263 3733 1356 3797 aqua

400 3814 543 3877 nimium
586 3814 778 3878 inundante
820 3813 921 3896 quasi
959 3815 1169 3877 miraculose
1208 3815 1355 3896 contigit

400 3913 493 3996 quod
510 3933 579 3977 non
604 3914 708 3995 periit
730 3913 799 3978 nisi¹
811 3933 899 3996 puer
915 3932 1005 3976 unus
1022 3913 1195 3995 proomni
1213 3914 1354 3996 populo,

433 4131 442 4164 ι
462 4136 614 4186 Omittedin
626 4138 701 4188 MSS·
713 4138 779 4190 coll·
792 4137 863 4188 Arm·
924 4099 935 4130 ⁹
950 4104 1093 4154 ‘vidissent
1114 4105 1192 4166 eum,'
1212 4107 1270 4170 MS.
1288 4107 1356 4156 Cott.

400 4205 452 4252 and
463 4205 531 4256 cott.
543 4206 601 4257 Tib.
888 4173 959 4274 'md‘
968 4242 1132 4307 Galwydye‚’
1143 4244 1203 4294 MS,
1214 4244 1281 4294 θοὴ,
1288 4245 1344 4294 Tib.
