3144 4990
391 443 459 510 362
765 457 974 509 ousouroou

231 635 321 676 nav-n
337 636 380 676 nr
443 619 466 647 “
478 611 673 694 Philippus,
705 612 774 676 Dei
810 614 936 693 gratia,
970 633 1033 678 rex
1069 613 1238 691 Francia,
1272 615 1345 678 Ed-

232 687 371 820 guz'ssffl'
392 711 510 776 wardo
544 712 620 792 regi
658 709 806 793 Angliae.
882 712 1018 779 Literas
1053 721 1198 792 vestras,
1238 715 1341 778 curies

230 821 353 871 1u'unu·
391 819 521 878 nostrae
563 810 725 892 Philippo
769 811 811 874 de
844 811 987 880 Valesio
1030 813 1165 892 missas,
1205 812 1342 894 aliquas

390 911 574 991 petitiones
612 909 705 977 dicto
742 908 905 991 Philippo
953 911 1065 978 factas
1114 912 1341 990 continentes,

390 1009 642 1094 perspeximus.
703 1007 771 1074 Sed
804 1010 886 1090 quia
918 1009 1029 1074 literae
1062 1029 1124 1076 neo
1154 1010 1340 1092 petitiones

391 1109 578 1190 praedictae,
593 1109 684 1172 sicut
697 1107 834 1184 illarum
849 1116 969 1174 tenore
985 1107 1164 1177 evidenter
1178 1116 1339 1190 apparet,

391 1208 490 1272 nobis
505 1207 619 1272 misses
638 1225 856 1288 nequaquam
874 1206 1011 1282 fuerant
1027 1227 1090 1272 nec
1110 1206 1221 1288 sactae,
1239 1209 1339 1271 vobis

391 1306 589 1371 nullatenus
605 1305 860 1385 respondemus.
914 1305 959 1370 Et
976 1305 1059 1386 quia
1075 1325 1137 1388 per
1153 1306 1338 1389 praedictas

391 1405 521 1481 literas,
556 1412 592 1469 et
629 1403 743 1480 aliter,
779 1404 1015 1472 intelleximus
1056 1404 1148 1486 quod
1191 1424 1335 1486 regnum

391 1511 547 1568 nostrum
578 1502 736 1570 Francia
773 1504 809 1566 in
842 1523 946 1569 manu
979 1511 1190 1574 armatorum
1222 1503 1338 1568 valida

391 1603 518 1668 intrare
533 1602 813 1683 praesumpsistis,
835 1602 960 1668 damna
981 1622 1050 1669 non
1074 1602 1209 1666 modica
1224 1603 1335 1680 nobie,

391 1720 498 1782 regno
530 1708 648 1764 nostro
676 1719 718 1764 ac
747 1703 889 1783 populo,
906 1702 1085 1768 voluntate
1116 1701 1239 1766 ductus
1266 1721 1337 1766 non

392 1801 537 1878 ratione,
558 1819 600 1864 ea
625 1819 703 1881 quae
724 1799 827 1864 homo
851 1801 954 1881 ligius
977 1801 1114 1867 domino
1134 1819 1200 1864 suo
1222 1799 1336 1864 facere

391 1905 539 1979 tenetur,
583 1899 721 1966 minime
762 1899 1020 1976 considerando,
1055 1900 1243 1978 intulistis;
1285 1899 1338 1964 in-

392 1999 511 2062 trastis
549 1998 717 2079 siquidem
766 1997 895 2064 dudum
939 1998 1137 2080 homagium
1180 2004 1334 2065 nostrum

391 2096 525 2178 ligium,
549 2116 625 2174 nos,
652 2099 741 2163 sicut
766 2098 855 2162 ratio
883 2098 1005 2179 exigit,
1032 2117 1148 2179 regem
1177 2097 1336 2168 Franciae

391 2215 654 2277 recognoscens,
674 2195 902 2263 obedientiam
924 2197 1062 2278 qualem
1088 2196 1172 2277 ligio
1197 2196 1335 2260 domino

391 2315 455 2358 suo
478 2296 556 2377 quis
576 2295 775 2377 promittere
801 2302 950 2374 tenetur,
967 2297 1058 2359 sicut
1078 2295 1187 2362 literis
1210 2296 1335 2363 vestris

391 2395 587 2476 patentibus
617 2414 744 2475 magno
773 2394 887 2475 sigillo
913 2404 1030 2458 vestro
1055 2393 1214 2477 signatis
1246 2413 1334 2476 quas

391 2512 495 2574 penes
510 2512 573 2557 nos
588 2492 765 2569 habemus,
781 2501 816 2556 et
832 2494 937 2560 etiam
952 2513 1019 2558 vos.
1041 2493 1166 2556 habere
1189 2493 1333 2570 debetis,

390 2591 499 2672 liquet
520 2591 711 2669 manifeste,
728 2591 953 2672 promisistis,
977 2599 1095 2663 nostra
1114 2612 1194 2658 vero
1211 2592 1332 2657 existit

390 2690 551 2768 intentio,
569 2709 648 2752 cum
671 2698 788 2772 aptum
814 2692 913 2756 nobis
928 2690 1181 2760 decreverimus
1204 2690 1247 2753 ad
1270 2690 1333 2752 ho-

390 2808 507 2853 norem
530 2796 698 2866 nostrum,
716 2790 814 2871 regni
836 2791 946 2862 nostri
973 2790 1160 2879 populique
1183 2809 1333 2860 nominoe

388 2887 483 2966 dum,
505 2907 567 2953 vos
591 2887 634 2951 de
660 2907 766 2968 reguo
792 2897 911 2957 nostro
939 2888 1063 2972 ejicere
1093 2908 1134 2953 ao
1158 2888 1331 2972 effugare;

390 2995 425 3053 et
451 2987 582 3053 adhoc
605 3007 743 3069 quoque
765 2987 1004 3069 complendum
1022 2987 1333 3069 perficiendumque

389 3085 522 3152 firmam
552 3106 661 3168 spem,
693 3107 714 3150 a
734 3107 804 3168 quo
834 3088 933 3150 nobis
963 3086 1046 3150 data
1082 3093 1135 3152 est
1166 3087 1335 3170 potentia,

389 3184 554 3250 babemus
565 3186 601 3251 in
614 3186 764 3250 Christo.
786 3185 862 3252 ‚Per
875 3193 1023 3253 vestram
1033 3186 1161 3268 quippe
1171 3189 1333 3268 guerram

389 3285 582 3350 voluntarie
604 3284 952 3366 irrationabiliterque
971 3293 1112 3358 motam,
1135 3284 1334 3365 passagium

387 3383 650 3452 ultramarinum
681 3384 889 3459 retardatur,
918 3402 987 3447 non
1023 3382 1159 3452 medina
1188 3382 1334 3452 Christi
1394 3373 1396 3378 ’

387 3501 531 3546 anorum
558 3482 659 3564 copia
683 3483 784 3548 morti
808 3482 953 3560 subitur,
975 3481 1152 3549 servitium
1179 3480 1333 3550 divinum

388 3581 590 3656 minoratur,
627 3587 816 3661 sanctaque
854 3581 999 3652 ecclesia
1040 3581 1142 3651 minis
1183 3586 1331 3648 tenetur.

389 3677 498 3756 Quod,
521 3697 603 3741 vero
631 3679 784 3742 asseritis
813 3679 1076 3748 Flandrensinm
1101 3679 1234 3743 animos
1258 3679 1332 3748 sive

388 3777 520 3841 auxilia
556 3796 616 3840 vos
646 3778 833 3859 possidere,
860 3778 1108 3842 aestimavimus
1140 3778 1227 3842 certi
1256 3796 1332 3848 esse

384 3994 419 4056 by
435 3993 570 4054 Avesbury
587 4009 614 4054 p.
632 3997 673 4054 62,
689 3993 716 4042 in
737 3993 779 4042 the
796 3994 846 4042 ori-
872 3993 931 4042 Seal
942 3993 974 4045 de
986 3997 1056 4043 nobe
1068 3997 1159 4054 secret,
1170 4007 1201 4042 en
1216 3994 1335 4057 labeence

383 4063 453 4124 ginel
480 4063 586 4123 Frencb,
617 4063 668 4110 and
702 4063 846 4124 concludes,
871 4063 906 4112 du
918 4067 1018 4125 gruunt,
1029 4063 1143 4118 leurrxme
1146 4064 1207 4124 jour
1217 4062 1250 4111 de
1262 4062 1336 4124 Juyl,

381 4133 400 4160 ⁸⁸
408 4132 481 4180 Done
493 4137 565 4180 soutz
574 4132 613 4181 les
628 4132 732 4194 Campe,
743 4146 802 4192 pres
812 4133 844 4180 de
869 4133 913 4182 lan
924 4133 956 4182 de
967 4146 1043 4194 praee
1056 4129 1235 4186 u¹.cee.xtffl0.''

381 4199 408 4251 la
419 4202 511 4267 prioris
528 4202 599 4256 Seint
609 4202 724 4264 Andren,
737 4206 810 4254 soutz
820 4201 844 4250 le
