<?xml version="1.0" encoding="UTF-8"?>
<!DOCTYPE html PUBLIC "-//W3C//DTD XHTML 1.0 Transitional//EN"
    "http://www.w3.org/TR/xhtml1/DTD/xhtml1-transitional.dtd">
<html xmlns="http://www.w3.org/1999/xhtml" xml:lang="en" lang="en">
 <head>
  <title>
</title>
<meta http-equiv="Content-Type" content="text/html;charset=utf-8" />
  <meta name='ocr-system' content='tesseract 3.04.00' />
  <meta name='ocr-capabilities' content='ocr_page ocr_carea ocr_par ocr_line ocrx_word'/>
</head>
<body>
  <div class='ocr_page' id='page_1' title='image "./chronicondomini00hamigoog_0222.png"; bbox 0 0 3166 4992; ppageno 0'>
   <div class='ocr_carea' id='block_1_1' title="bbox 400 441 978 506">
    <p class='ocr_par' dir='ltr' id='par_1_1' title="bbox 400 441 978 506">
     <span class='ocr_line' id='line_1_1' title="bbox 400 441 978 506; baseline 0.01 -8"><span class='ocrx_word' id='word_1_1' title='bbox 400 441 467 506; x_wconf 78' lang='lat'>208</span> <span class='ocrx_word' id='word_1_2' title='bbox 768 457 978 504; x_wconf 75' lang='lat' dir='ltr'>crinorucon</span> 
     </span>
    </p>
   </div>
   <div class='ocr_carea' id='block_1_2' title="bbox 241 609 1414 3486">
    <p class='ocr_par' dir='ltr' id='par_1_2' title="bbox 241 609 1356 1295">
     <span class='ocr_line' id='line_1_2' title="bbox 253 609 1355 723; baseline -0.003 -46"><span class='ocrx_word' id='word_1_3' title='bbox 253 631 346 723; x_wconf 56' lang='lat' dir='ltr'>{W</span> <span class='ocrx_word' id='word_1_4' title='bbox 336 631 373 721; x_wconf 62' lang='lat'>8⁰1¹.</span> <span class='ocrx_word' id='word_1_5' title='bbox 403 609 679 698; x_wconf 87' lang='lat' dir='ltr'>proditionaliter</span> <span class='ocrx_word' id='word_1_6' title='bbox 699 612 868 692; x_wconf 78' lang='lat' dir='ltr'>irrogari3</span> <span class='ocrx_word' id='word_1_7' title='bbox 895 633 958 677; x_wconf 92' lang='lat' dir='ltr'>uec</span> <span class='ocrx_word' id='word_1_8' title='bbox 981 611 1196 690; x_wconf 78' lang='lat' dir='ltr'>‘veienteS,&#39;¹</span> <span class='ocrx_word' id='word_1_9' title='bbox 1221 613 1355 676; x_wconf 84' lang='lat' dir='ltr'>ratione</span> 
     </span>
     <span class='ocr_line' id='line_1_3' title="bbox 274 709 1354 799; baseline -0.003 -21"><span class='ocrx_word' id='word_1_10' title='bbox 274 709 279 721; x_wconf 85' lang='grc'><em>“</em></span> <span class='ocrx_word' id='word_1_11' title='bbox 307 710 313 721; x_wconf 80' lang='grc'><strong><em>’</em></strong></span> <span class='ocrx_word' id='word_1_12' title='bbox 376 709 381 720; x_wconf 83' lang='grc'>’</span> <span class='ocrx_word' id='word_1_13' title='bbox 399 715 589 799; x_wconf 82' lang='lat' dir='ltr'>juramenti</span> <span class='ocrx_word' id='word_1_14' title='bbox 606 732 675 795; x_wconf 90' lang='lat' dir='ltr'>quo</span> <span class='ocrx_word' id='word_1_15' title='bbox 690 713 734 777; x_wconf 80' lang='lat' dir='ltr'>ed</span> <span class='ocrx_word' id='word_1_16' title='bbox 757 714 1054 777; x_wconf 87' lang='lat' dir='ltr'>conservationem</span> <span class='ocrx_word' id='word_1_17' title='bbox 1069 713 1198 797; x_wconf 88' lang='lat' dir='ltr'>jurium</span> <span class='ocrx_word' id='word_1_18' title='bbox 1218 731 1354 776; x_wconf 88' lang='lat' dir='ltr'>coronae</span> 
     </span>
     <span class='ocr_line' id='line_1_4' title="bbox 241 786 1355 895; baseline -0.002 -19"><span class='ocrx_word' id='word_1_19' title='bbox 241 786 390 887; x_wconf 51' lang='lat' dir='ltr'>{difies</span> <span class='ocrx_word' id='word_1_20' title='bbox 404 815 503 895; x_wconf 84' lang='lat' dir='ltr'>regni</span> <span class='ocrx_word' id='word_1_21' title='bbox 519 813 628 878; x_wconf 87' lang='lat' dir='ltr'>nostri</span> <span class='ocrx_word' id='word_1_22' title='bbox 642 832 761 876; x_wconf 91' lang='lat' dir='ltr'>sumus</span> <span class='ocrx_word' id='word_1_23' title='bbox 776 813 922 888; x_wconf 81' lang='lat' dir='ltr'>astricti,</span> <span class='ocrx_word' id='word_1_24' title='bbox 938 819 948 847; x_wconf 91' lang='lat'>‘</span> <span class='ocrx_word' id='word_1_25' title='bbox 961 811 1180 894; x_wconf 71' lang='lat' dir='ltr'>premissa’2</span> <span class='ocrx_word' id='word_1_26' title='bbox 1201 813 1355 891; x_wconf 80' lang='lat' dir='ltr'>facinore</span> 
     </span>
     <span class='ocr_line' id='line_1_5' title="bbox 404 909 1355 996; baseline -0.003 -19"><span class='ocrx_word' id='word_1_27' title='bbox 404 913 551 977; x_wconf 88' lang='lat' dir='ltr'>ulterius</span> <span class='ocrx_word' id='word_1_28' title='bbox 574 909 816 977; x_wconf 79' lang='lat' dir='ltr'>‘concelere’³</span> <span class='ocrx_word' id='word_1_29' title='bbox 838 931 901 974; x_wconf 88' lang='lat' dir='ltr'>nec</span> <span class='ocrx_word' id='word_1_30' title='bbox 911 912 994 996; x_wconf 86' lang='lat' dir='ltr'>jura</span> <span class='ocrx_word' id='word_1_31' title='bbox 1018 919 1137 975; x_wconf 86' lang='lat' dir='ltr'>nostra</span> <span class='ocrx_word' id='word_1_32' title='bbox 1163 911 1355 993; x_wconf 83' lang='lat' dir='ltr'><strong>relinquere</strong></span> 
     </span>
     <span class='ocr_line' id='line_1_6' title="bbox 404 1011 1355 1094; baseline -0.003 -18"><span class='ocrx_word' id='word_1_33' title='bbox 404 1012 604 1091; x_wconf 82' lang='lat' dir='ltr'>indefensa3</span> <span class='ocrx_word' id='word_1_34' title='bbox 632 1017 731 1075; x_wconf 88' lang='lat' dir='ltr'>‘cum</span> <span class='ocrx_word' id='word_1_35' title='bbox 742 1030 805 1094; x_wconf 87' lang='lat' dir='ltr'>per</span> <span class='ocrx_word' id='word_1_36' title='bbox 821 1011 917 1092; x_wconf 81' lang='lat' dir='ltr'>logos</span> <span class='ocrx_word' id='word_1_37' title='bbox 933 1012 1047 1094; x_wconf 91' lang='lat' dir='ltr'>ipsum</span> <span class='ocrx_word' id='word_1_38' title='bbox 1060 1011 1084 1076; x_wconf 86' lang='lat' dir='ltr'><strong>J</strong></span> <span class='ocrx_word' id='word_1_39' title='bbox 1087 1011 1256 1074; x_wconf 81' lang='lat' dir='ltr'>ohannem</span> <span class='ocrx_word' id='word_1_40' title='bbox 1273 1018 1355 1074; x_wconf 90' lang='lat' dir='ltr'>tunc</span> 
     </span>
     <span class='ocr_line' id='line_1_7' title="bbox 406 1111 1353 1193; baseline -0.002 -19"><span class='ocrx_word' id='word_1_41' title='bbox 406 1131 521 1193; x_wconf 82' lang='lat' dir='ltr'>regern</span> <span class='ocrx_word' id='word_1_42' title='bbox 540 1111 667 1175; x_wconf 85' lang='lat' dir='ltr'>Scotiee</span> <span class='ocrx_word' id='word_1_43' title='bbox 688 1129 752 1174; x_wconf 93' lang='lat' dir='ltr'>nec</span> <span class='ocrx_word' id='word_1_44' title='bbox 774 1118 912 1190; x_wconf 83' lang='lat' dir='ltr'><strong>gentem</strong></span> <span class='ocrx_word' id='word_1_45' title='bbox 933 1129 1031 1174; x_wconf 88' lang='lat' dir='ltr'>suam</span> <span class='ocrx_word' id='word_1_46' title='bbox 1059 1111 1157 1175; x_wconf 91' lang='lat' dir='ltr'>nobis</span> <span class='ocrx_word' id='word_1_47' title='bbox 1181 1111 1353 1175; x_wconf 87' lang='lat' dir='ltr'>subditam</span> 
     </span>
     <span class='ocr_line' id='line_1_8' title="bbox 400 1207 1356 1295; baseline -0.001 -21"><span class='ocrx_word' id='word_1_48' title='bbox 400 1211 595 1295; x_wconf 85' lang='lat' dir='ltr'>justificare</span> <span class='ocrx_word' id='word_1_49' title='bbox 614 1228 794 1292; x_wconf 85' lang='lat' dir='ltr'><strong>possemus</strong></span> <span class='ocrx_word' id='word_1_50' title='bbox 809 1228 872 1274; x_wconf 88' lang='lat' dir='ltr'>nec</span> <span class='ocrx_word' id='word_1_51' title='bbox 893 1211 1007 1291; x_wconf 91' lang='lat' dir='ltr'>ipsum</span> <span class='ocrx_word' id='word_1_52' title='bbox 1025 1230 1169 1292; x_wconf 86' lang='lat' dir='ltr'>regnum</span> <span class='ocrx_word' id='word_1_53' title='bbox 1180 1209 1189 1237; x_wconf 90' lang='lat'>&#39;</span> <span class='ocrx_word' id='word_1_54' title='bbox 1201 1207 1214 1245; x_wconf 76' lang='lat'><strong>⁴</strong></span> <span class='ocrx_word' id='word_1_55' title='bbox 1228 1210 1356 1274; x_wconf 88' lang='lat' dir='ltr'>Scotiee</span> 
     </span>
    </p>

    <p class='ocr_par' dir='ltr' id='par_1_3' title="bbox 406 1309 1414 3486">
     <span class='ocr_line' id='line_1_9' title="bbox 407 1309 1414 1394; baseline -0.002 -20"><span class='ocrx_word' id='word_1_56' title='bbox 407 1311 500 1394; x_wconf 89' lang='lat' dir='ltr'>quod</span> <span class='ocrx_word' id='word_1_57' title='bbox 531 1330 553 1374; x_wconf 84' lang='lat' dir='ltr'><strong>a</strong></span> <span class='ocrx_word' id='word_1_58' title='bbox 579 1309 791 1392; x_wconf 79' lang='lat' dir='ltr'>longissimis</span> <span class='ocrx_word' id='word_1_59' title='bbox 825 1310 1051 1392; x_wconf 84' lang='lat' dir='ltr'>temporibus,</span> <span class='ocrx_word' id='word_1_60' title='bbox 1081 1311 1172 1373; x_wconf 90' lang='lat' dir='ltr'>sicut</span> <span class='ocrx_word' id='word_1_61' title='bbox 1196 1310 1360 1393; x_wconf 86' lang='lat' dir='ltr'>superius</span> <span class='ocrx_word' id='word_1_62' title='bbox 1412 1338 1414 1341; x_wconf 25' lang='lat' dir='ltr'>r</span> 
     </span>
     <span class='ocr_line' id='line_1_10' title="bbox 407 1409 1357 1492; baseline -0.003 -17"><span class='ocrx_word' id='word_1_63' title='bbox 407 1410 625 1492; x_wconf 84' lang='lat' dir='ltr'>exprimitur,</span> <span class='ocrx_word' id='word_1_64' title='bbox 650 1409 750 1473; x_wconf 92' lang='lat' dir='ltr'>nobis</span> <span class='ocrx_word' id='word_1_65' title='bbox 771 1417 805 1473; x_wconf 88' lang='lat' dir='ltr'>et</span> <span class='ocrx_word' id='word_1_66' title='bbox 829 1409 1107 1491; x_wconf 83' lang='lat' dir='ltr'>progenitoribus</span> <span class='ocrx_word' id='word_1_67' title='bbox 1130 1411 1259 1474; x_wconf 87' lang='lat' dir='ltr'>nostris</span> <span class='ocrx_word' id='word_1_68' title='bbox 1282 1409 1357 1472; x_wconf 80' lang='lat' dir='ltr'>feu·</span> 
     </span>
     <span class='ocr_line' id='line_1_11' title="bbox 407 1504 1356 1590; baseline -0.003 -16"><span class='ocrx_word' id='word_1_69' title='bbox 407 1510 485 1574; x_wconf 84' lang='lat' dir='ltr'>dale</span> <span class='ocrx_word' id='word_1_70' title='bbox 499 1510 637 1574; x_wconf 86' lang='lat' dir='ltr'>exstitit</span> <span class='ocrx_word' id='word_1_71' title='bbox 650 1528 695 1572; x_wconf 87' lang='lat' dir='ltr'>ex</span> <span class='ocrx_word' id='word_1_72' title='bbox 709 1509 823 1573; x_wconf 86' lang='lat' dir='ltr'>causis</span> <span class='ocrx_word' id='word_1_73' title='bbox 838 1504 1080 1590; x_wconf 83' lang='lat' dir='ltr'>‘proemissis&#39;⁵</span> <span class='ocrx_word' id='word_1_74' title='bbox 1091 1517 1214 1574; x_wconf 85' lang='lat' dir='ltr'>contra</span> <span class='ocrx_word' id='word_1_75' title='bbox 1227 1508 1356 1572; x_wconf 90' lang='lat' dir='ltr'>dictum</span> 
     </span>
     <span class='ocr_line' id='line_1_12' title="bbox 406 1607 1356 1689; baseline -0.003 -15"><span class='ocrx_word' id='word_1_76' title='bbox 406 1609 430 1674; x_wconf 86' lang='lat' dir='ltr'>J</span> <span class='ocrx_word' id='word_1_77' title='bbox 433 1609 602 1674; x_wconf 84' lang='lat' dir='ltr'>ohannem</span> <span class='ocrx_word' id='word_1_78' title='bbox 633 1616 669 1673; x_wconf 88' lang='lat' dir='ltr'>et</span> <span class='ocrx_word' id='word_1_79' title='bbox 697 1613 834 1689; x_wconf 85' lang='lat' dir='ltr'>gentem</span> <span class='ocrx_word' id='word_1_80' title='bbox 862 1607 1044 1673; x_wconf 88' lang='lat' dir='ltr'>Scotorum</span> <span class='ocrx_word' id='word_1_81' title='bbox 1069 1610 1161 1672; x_wconf 87' lang='lat' dir='ltr'>vires</span> <span class='ocrx_word' id='word_1_82' title='bbox 1190 1609 1356 1689; x_wconf 79' lang='lat' dir='ltr'>potentiae</span> 
     </span>
     <span class='ocr_line' id='line_1_13' title="bbox 406 1707 1357 1791; baseline -0.002 -18"><span class='ocrx_word' id='word_1_83' title='bbox 406 1718 536 1773; x_wconf 77' lang='lat' dir='ltr'>nostrae</span> <span class='ocrx_word' id='word_1_84' title='bbox 550 1707 782 1782; x_wconf 63' lang='lat' dir='ltr'>extendimus</span> <span class='ocrx_word' id='word_1_85' title='bbox 797 1715 901 1788; x_wconf 85' lang='lat' dir='ltr'>prout</span> <span class='ocrx_word' id='word_1_86' title='bbox 922 1707 965 1770; x_wconf 94' lang='lat' dir='ltr'>de</span> <span class='ocrx_word' id='word_1_87' title='bbox 978 1707 1058 1791; x_wconf 90' lang='lat' dir='ltr'>jure</span> <span class='ocrx_word' id='word_1_88' title='bbox 1079 1708 1179 1772; x_wconf 91' lang='lat' dir='ltr'>uobis</span> <span class='ocrx_word' id='word_1_89' title='bbox 1194 1707 1303 1785; x_wconf 89' lang='lat' dir='ltr'>licuit,</span> <span class='ocrx_word' id='word_1_90' title='bbox 1321 1715 1357 1772; x_wconf 92' lang='lat' dir='ltr'>et</span> 
     </span>
     <span class='ocr_line' id='line_1_14' title="bbox 407 1806 1356 1891; baseline 0 -21"><span class='ocrx_word' id='word_1_91' title='bbox 407 1809 636 1891; x_wconf 86' lang='lat' dir='ltr'>processimus</span> <span class='ocrx_word' id='word_1_92' title='bbox 651 1813 772 1871; x_wconf 83' lang='lat' dir='ltr'>contra</span> <span class='ocrx_word' id='word_1_93' title='bbox 785 1806 881 1888; x_wconf 88' lang='lat' dir='ltr'>ipsos</span> <span class='ocrx_word' id='word_1_94' title='bbox 896 1811 1081 1889; x_wconf 84' lang='lat' dir='ltr'>‘tanquam</span> <span class='ocrx_word' id='word_1_95' title='bbox 1100 1814 1221 1871; x_wconf 83' lang='lat' dir='ltr'>contra</span> <span class='ocrx_word' id='word_1_96' title='bbox 1238 1806 1356 1872; x_wconf 89' lang='lat' dir='ltr'>hostes</span> 
     </span>
     <span class='ocr_line' id='line_1_15' title="bbox 407 1898 1356 1990; baseline 0 -20"><span class='ocrx_word' id='word_1_97' title='bbox 407 1915 544 1972; x_wconf 89' lang='lat' dir='ltr'>nostros</span> <span class='ocrx_word' id='word_1_98' title='bbox 572 1914 608 1971; x_wconf 89' lang='lat' dir='ltr'>et</span> <span class='ocrx_word' id='word_1_99' title='bbox 630 1906 835 1988; x_wconf 78' lang='lat' dir='ltr'>proditores</span> <span class='ocrx_word' id='word_1_100' title='bbox 887 1898 1083 1990; x_wconf 83' lang='lat' dir='ltr'>Subjecto’⁶</span> <span class='ocrx_word' id='word_1_101' title='bbox 1101 1907 1221 1989; x_wconf 85' lang='lat' dir='ltr'>itaque</span> <span class='ocrx_word' id='word_1_102' title='bbox 1248 1925 1356 1988; x_wconf 85' lang='lat' dir='ltr'>reguo</span> 
     </span>
     <span class='ocr_line' id='line_1_16' title="bbox 407 2004 1357 2089; baseline -0.002 -19"><span class='ocrx_word' id='word_1_103' title='bbox 407 2006 549 2081; x_wconf 83' lang='lat' dir='ltr'>Scotiee,</span> <span class='ocrx_word' id='word_1_104' title='bbox 586 2004 677 2070; x_wconf 76' lang='lat' dir='ltr'>‘et’⁷</span> <span class='ocrx_word' id='word_1_105' title='bbox 709 2005 790 2089; x_wconf 88' lang='lat' dir='ltr'>jure</span> <span class='ocrx_word' id='word_1_106' title='bbox 822 2006 1046 2088; x_wconf 80' lang='lat' dir='ltr'>proprietatis</span> <span class='ocrx_word' id='word_1_107' title='bbox 1077 2013 1205 2070; x_wconf 79' lang='lat' dir='ltr'>nostrae</span> <span class='ocrx_word' id='word_1_108' title='bbox 1234 2007 1357 2071; x_wconf 90' lang='lat' dir='ltr'>ditioni</span> 
     </span>
     <span class='ocr_line' id='line_1_17' title="bbox 406 2103 1356 2190; baseline -0.001 -21"><span class='ocrx_word' id='word_1_109' title='bbox 406 2103 614 2182; x_wconf 84' lang='lat' dir='ltr'>‘subdito,&#39;⁷</span> <span class='ocrx_word' id='word_1_110' title='bbox 645 2105 813 2186; x_wconf 76' lang='lat' dir='ltr'>prefatus</span> <span class='ocrx_word' id='word_1_111' title='bbox 836 2104 1017 2170; x_wconf 82' lang='lat' dir='ltr'>Johannes</span> <span class='ocrx_word' id='word_1_112' title='bbox 1045 2103 1271 2190; x_wconf 73' lang='lat' dir='ltr'>‘quondam&#39;⁷</span> <span class='ocrx_word' id='word_1_113' title='bbox 1294 2125 1356 2169; x_wconf 89' lang='lat' dir='ltr'>rex</span> 
     </span>
     <span class='ocr_line' id='line_1_18' title="bbox 407 2201 1358 2287; baseline 0.001 -18"><span class='ocrx_word' id='word_1_114' title='bbox 407 2205 547 2281; x_wconf 84' lang='lat' dir='ltr'>Scotiae,</span> <span class='ocrx_word' id='word_1_115' title='bbox 562 2205 676 2286; x_wconf 91' lang='lat' dir='ltr'>ipsum</span> <span class='ocrx_word' id='word_1_116' title='bbox 693 2223 839 2284; x_wconf 85' lang='lat' dir='ltr'>regnum</span> <span class='ocrx_word' id='word_1_117' title='bbox 864 2203 1002 2281; x_wconf 88' lang='lat' dir='ltr'>Scotiae,</span> <span class='ocrx_word' id='word_1_118' title='bbox 1020 2213 1191 2287; x_wconf 87' lang='lat' dir='ltr'>quatenus</span> <span class='ocrx_word' id='word_1_119' title='bbox 1206 2206 1249 2270; x_wconf 90' lang='lat' dir='ltr'>de</span> <span class='ocrx_word' id='word_1_120' title='bbox 1260 2201 1358 2270; x_wconf 82' lang='lat' dir='ltr'>&#39;facto</span> 
     </span>
     <span class='ocr_line' id='line_1_19' title="bbox 409 2304 1357 2385; baseline 0 -17"><span class='ocrx_word' id='word_1_121' title='bbox 409 2305 532 2380; x_wconf 88' lang='lat' dir='ltr'>tenuit,</span> <span class='ocrx_word' id='word_1_122' title='bbox 555 2311 690 2385; x_wconf 90' lang='lat' dir='ltr'>sponte,</span> <span class='ocrx_word' id='word_1_123' title='bbox 708 2322 794 2384; x_wconf 85' lang='lat' dir='ltr'>pure</span> <span class='ocrx_word' id='word_1_124' title='bbox 820 2311 855 2368; x_wconf 92' lang='lat' dir='ltr'>et</span> <span class='ocrx_word' id='word_1_125' title='bbox 879 2305 1038 2369; x_wconf 85' lang='lat' dir='ltr'>absolute</span> <span class='ocrx_word' id='word_1_126' title='bbox 1054 2304 1202 2369; x_wconf 87' lang='lat' dir='ltr'>reddidit</span> <span class='ocrx_word' id='word_1_127' title='bbox 1225 2306 1261 2368; x_wconf 90' lang='lat' dir='ltr'>in</span> <span class='ocrx_word' id='word_1_128' title='bbox 1283 2325 1357 2368; x_wconf 85' lang='lat' dir='ltr'>ma-</span> 
     </span>
     <span class='ocr_line' id='line_1_20' title="bbox 409 2402 1360 2484; baseline 0.005 -19"><span class='ocrx_word' id='word_1_129' title='bbox 409 2422 489 2465; x_wconf 91' lang='lat' dir='ltr'>num</span> <span class='ocrx_word' id='word_1_130' title='bbox 509 2409 684 2482; x_wconf 84' lang='lat' dir='ltr'>nostram3</span> <span class='ocrx_word' id='word_1_131' title='bbox 713 2402 925 2484; x_wconf 80' lang='lat' dir='ltr'>proditiones</span> <span class='ocrx_word' id='word_1_132' title='bbox 952 2411 986 2468; x_wconf 89' lang='lat' dir='ltr'>et</span> <span class='ocrx_word' id='word_1_133' title='bbox 1014 2405 1145 2469; x_wconf 85' lang='lat' dir='ltr'>scelera</span> <span class='ocrx_word' id='word_1_134' title='bbox 1169 2412 1360 2470; x_wconf 82' lang='lat' dir='ltr'>memorata</span> 
     </span>
     <span class='ocr_line' id='line_1_21' title="bbox 409 2502 1359 2586; baseline 0.002 -20"><span class='ocrx_word' id='word_1_135' title='bbox 409 2521 526 2566; x_wconf 85' lang='lat' dir='ltr'>coram</span> <span class='ocrx_word' id='word_1_136' title='bbox 553 2502 652 2566; x_wconf 89' lang='lat' dir='ltr'>nobis</span> <span class='ocrx_word' id='word_1_137' title='bbox 679 2509 714 2566; x_wconf 88' lang='lat' dir='ltr'>et</span> <span class='ocrx_word' id='word_1_138' title='bbox 743 2505 945 2584; x_wconf 87' lang='lat' dir='ltr'>proceribus</span> <span class='ocrx_word' id='word_1_139' title='bbox 970 2505 1069 2585; x_wconf 85' lang='lat' dir='ltr'>regni</span> <span class='ocrx_word' id='word_1_140' title='bbox 1087 2505 1195 2568; x_wconf 90' lang='lat' dir='ltr'>nostri</span> <span class='ocrx_word' id='word_1_141' title='bbox 1221 2505 1359 2586; x_wconf 88' lang='lat' dir='ltr'>publice</span> 
     </span>
     <span class='ocr_line' id='line_1_22' title="bbox 409 2600 1358 2686; baseline 0.002 -22"><span class='ocrx_word' id='word_1_142' title='bbox 409 2620 669 2683; x_wconf 84' lang='lat' dir='ltr'>recognoscens.</span> <span class='ocrx_word' id='word_1_143' title='bbox 730 2600 812 2679; x_wconf 84' lang='lat' dir='ltr'>Quo</span> <span class='ocrx_word' id='word_1_144' title='bbox 840 2609 993 2684; x_wconf 87' lang='lat' dir='ltr'>peracto,</span> <span class='ocrx_word' id='word_1_145' title='bbox 1022 2605 1170 2686; x_wconf 76' lang='lat' dir='ltr'>praelati,</span> <span class='ocrx_word' id='word_1_146' title='bbox 1203 2604 1358 2680; x_wconf 87' lang='lat' dir='ltr'>comites,</span> 
     </span>
     <span class='ocr_line' id='line_1_23' title="bbox 409 2701 1358 2785; baseline 0.002 -21"><span class='ocrx_word' id='word_1_147' title='bbox 409 2703 569 2777; x_wconf 81' lang='lat' dir='ltr'>barones,</span> <span class='ocrx_word' id='word_1_148' title='bbox 594 2701 727 2765; x_wconf 88' lang='lat' dir='ltr'>nobiles</span> <span class='ocrx_word' id='word_1_149' title='bbox 752 2708 787 2765; x_wconf 92' lang='lat' dir='ltr'>et</span> <span class='ocrx_word' id='word_1_150' title='bbox 804 2703 1066 2766; x_wconf 81' lang='lat' dir='ltr'>communitates</span> <span class='ocrx_word' id='word_1_151' title='bbox 1091 2701 1190 2785; x_wconf 73' lang='lat' dir='ltr'>regni</span> <span class='ocrx_word' id='word_1_152' title='bbox 1217 2703 1358 2780; x_wconf 83' lang='lat' dir='ltr'>Scotiae,</span> 
     </span>
     <span class='ocr_line' id='line_1_24' title="bbox 410 2801 1360 2885; baseline 0 -21"><span class='ocrx_word' id='word_1_153' title='bbox 410 2819 499 2882; x_wconf 92' lang='lat' dir='ltr'>quos</span> <span class='ocrx_word' id='word_1_154' title='bbox 516 2801 559 2864; x_wconf 82' lang='lat' dir='ltr'>ad</span> <span class='ocrx_word' id='word_1_155' title='bbox 574 2820 695 2883; x_wconf 88' lang='lat' dir='ltr'>pacem</span> <span class='ocrx_word' id='word_1_156' title='bbox 716 2808 868 2866; x_wconf 82' lang='lat' dir='ltr'>nostram</span> <span class='ocrx_word' id='word_1_157' title='bbox 885 2802 1017 2882; x_wconf 81' lang='lat' dir='ltr'>regiam</span> <span class='ocrx_word' id='word_1_158' title='bbox 1041 2802 1255 2885; x_wconf 88' lang='lat' dir='ltr'>suscepimus</span> <span class='ocrx_word' id='word_1_159' title='bbox 1279 2804 1360 2865; x_wconf 92' lang='lat' dir='ltr'>sub-</span> 
     </span>
     <span class='ocr_line' id='line_1_25' title="bbox 411 2900 1360 2984; baseline 0 -20"><span class='ocrx_word' id='word_1_160' title='bbox 411 2910 607 2983; x_wconf 88' lang='lat' dir='ltr'>sequenter,</span> <span class='ocrx_word' id='word_1_161' title='bbox 628 2900 790 2982; x_wconf 82' lang='lat' dir='ltr'>homagia</span> <span class='ocrx_word' id='word_1_162' title='bbox 814 2907 850 2964; x_wconf 93' lang='lat' dir='ltr'>et</span> <span class='ocrx_word' id='word_1_163' title='bbox 868 2900 1053 2966; x_wconf 83' lang='lat' dir='ltr'>fidelitates</span> <span class='ocrx_word' id='word_1_164' title='bbox 1067 2904 1177 2978; x_wconf 91' lang='lat' dir='ltr'>nobis,</span> <span class='ocrx_word' id='word_1_165' title='bbox 1194 2910 1360 2984; x_wconf 78' lang='lat' dir='ltr'>tanquam</span> 
     </span>
     <span class='ocr_line' id='line_1_26' title="bbox 411 2999 1361 3086; baseline 0 -23"><span class='ocrx_word' id='word_1_166' title='bbox 411 3001 610 3065; x_wconf 83' lang='lat' dir='ltr'>immediato</span> <span class='ocrx_word' id='word_1_167' title='bbox 647 2999 786 3065; x_wconf 91' lang='lat' dir='ltr'>domino</span> <span class='ocrx_word' id='word_1_168' title='bbox 823 3007 858 3064; x_wconf 88' lang='lat' dir='ltr'>et</span> <span class='ocrx_word' id='word_1_169' title='bbox 894 3001 1035 3084; x_wconf 90' lang='lat' dir='ltr'>proprio</span> <span class='ocrx_word' id='word_1_170' title='bbox 1074 3002 1229 3086; x_wconf 89' lang='lat' dir='ltr'>ejusdem</span> <span class='ocrx_word' id='word_1_171' title='bbox 1263 3000 1361 3082; x_wconf 83' lang='lat' dir='ltr'>regni</span> 
     </span>
     <span class='ocr_line' id='line_1_27' title="bbox 411 3099 1363 3182; baseline -0.001 -18"><span class='ocrx_word' id='word_1_172' title='bbox 411 3100 550 3176; x_wconf 83' lang='lat' dir='ltr'>Scotiae,</span> <span class='ocrx_word' id='word_1_173' title='bbox 565 3101 719 3164; x_wconf 87' lang='lat' dir='ltr'>fecerunt</span> <span class='ocrx_word' id='word_1_174' title='bbox 734 3118 776 3162; x_wconf 86' lang='lat' dir='ltr'>ac</span> <span class='ocrx_word' id='word_1_175' title='bbox 791 3099 895 3163; x_wconf 84' lang='lat' dir='ltr'>etiam</span> <span class='ocrx_word' id='word_1_176' title='bbox 915 3101 1163 3182; x_wconf 71' lang='lat' dir='ltr'>praestiterunt.</span> <span class='ocrx_word' id='word_1_177' title='bbox 1214 3101 1269 3165; x_wconf 93' lang='lat' dir='ltr'>Ac</span> <span class='ocrx_word' id='word_1_178' title='bbox 1284 3101 1363 3164; x_wconf 85' lang='lat' dir='ltr'>red-</span> 
     </span>
     <span class='ocr_line' id='line_1_28' title="bbox 411 3199 1361 3283; baseline 0 -21"><span class='ocrx_word' id='word_1_179' title='bbox 411 3200 493 3264; x_wconf 92' lang='lat' dir='ltr'>ditis</span> <span class='ocrx_word' id='word_1_180' title='bbox 512 3201 610 3264; x_wconf 89' lang='lat' dir='ltr'>nobis</span> <span class='ocrx_word' id='word_1_181' title='bbox 633 3199 784 3283; x_wconf 89' lang='lat' dir='ltr'>ejusdem</span> <span class='ocrx_word' id='word_1_182' title='bbox 811 3199 909 3280; x_wconf 84' lang='lat' dir='ltr'>regni</span> <span class='ocrx_word' id='word_1_183' title='bbox 930 3201 1142 3277; x_wconf 83' lang='lat' dir='ltr'>civitatibus,</span> <span class='ocrx_word' id='word_1_184' title='bbox 1164 3200 1266 3277; x_wconf 84' lang='lat' dir='ltr'>villis,</span> <span class='ocrx_word' id='word_1_185' title='bbox 1285 3219 1361 3262; x_wconf 84' lang='lat' dir='ltr'>cas-</span> 
     </span>
     <span class='ocr_line' id='line_1_29' title="bbox 412 3298 1360 3375; baseline -0.001 -12"><span class='ocrx_word' id='word_1_186' title='bbox 412 3298 486 3375; x_wconf 85' lang='lat' dir='ltr'>tris,</span> <span class='ocrx_word' id='word_1_187' title='bbox 507 3299 765 3374; x_wconf 88' lang='lat' dir='ltr'>munitionibus,</span> <span class='ocrx_word' id='word_1_188' title='bbox 791 3316 831 3361; x_wconf 85' lang='lat' dir='ltr'>ac</span> <span class='ocrx_word' id='word_1_189' title='bbox 860 3299 994 3362; x_wconf 87' lang='lat' dir='ltr'>caeteris</span> <span class='ocrx_word' id='word_1_190' title='bbox 1021 3300 1107 3363; x_wconf 90' lang='lat' dir='ltr'>locis</span> <span class='ocrx_word' id='word_1_191' title='bbox 1133 3301 1292 3364; x_wconf 91' lang='lat' dir='ltr'>omnibus</span> <span class='ocrx_word' id='word_1_192' title='bbox 1317 3299 1360 3362; x_wconf 83' lang='lat' dir='ltr'>ed</span> 
     </span>
     <span class='ocr_line' id='line_1_30' title="bbox 412 3397 1363 3486; baseline 0.001 -25"><span class='ocrx_word' id='word_1_193' title='bbox 412 3397 542 3486; x_wconf 87' lang='lat' dir='ltr'>dictum</span> <span class='ocrx_word' id='word_1_194' title='bbox 559 3417 704 3478; x_wconf 81' lang='lat' dir='ltr'>regnum</span> <span class='ocrx_word' id='word_1_195' title='bbox 723 3399 972 3480; x_wconf 65' lang='lat' dir='ltr'>spectantibus</span> <span class='ocrx_word' id='word_1_196' title='bbox 986 3397 1149 3464; x_wconf 82' lang='lat' dir='ltr'>officiales</span> <span class='ocrx_word' id='word_1_197' title='bbox 1165 3407 1302 3464; x_wconf 88' lang='lat' dir='ltr'>nostros</span> <span class='ocrx_word' id='word_1_198' title='bbox 1328 3404 1363 3462; x_wconf 92' lang='lat' dir='ltr'>et</span> 
     </span>
    </p>
   </div>
   <div class='ocr_carea' id='block_1_3' title="bbox 412 3655 1367 3996">
    <p class='ocr_par' dir='ltr' id='par_1_4' title="bbox 449 3655 1367 3722">
     <span class='ocr_line' id='line_1_31' title="bbox 449 3655 1367 3722; baseline 0.008 -20"><span class='ocrx_word' id='word_1_199' title='bbox 449 3655 455 3684; x_wconf 92' lang='lat'><em>¹</em></span> <span class='ocrx_word' id='word_1_200' title='bbox 474 3655 621 3715; x_wconf 54' lang='lat' dir='ltr'>‘volentes’</span> <span class='ocrx_word' id='word_1_201' title='bbox 633 3656 691 3706; x_wconf 88' lang='lat' dir='ltr'>Rot.</span> <span class='ocrx_word' id='word_1_202' title='bbox 901 3659 961 3707; x_wconf 85' lang='lat' dir='ltr'>inde</span> <span class='ocrx_word' id='word_1_203' title='bbox 972 3659 1040 3708; x_wconf 88' lang='lat' dir='ltr'>bello</span> <span class='ocrx_word' id='word_1_204' title='bbox 1052 3661 1129 3720; x_wconf 78' lang='lat' dir='ltr'>juxta</span> <span class='ocrx_word' id='word_1_205' title='bbox 1139 3661 1210 3722; x_wconf 76' lang='lat' dir='ltr'>leges</span> <span class='ocrx_word' id='word_1_206' title='bbox 1224 3665 1249 3709; x_wconf 89' lang='lat' dir='ltr'>et</span> <span class='ocrx_word' id='word_1_207' title='bbox 1260 3675 1367 3710; x_wconf 89' lang='lat' dir='ltr'>consue·</span> 
     </span>
    </p>

    <p class='ocr_par' dir='ltr' id='par_1_5' title="bbox 412 3721 1367 3862">
     <span class='ocr_line' id='line_1_32' title="bbox 447 3721 1365 3793; baseline 0.005 -20"><span class='ocrx_word' id='word_1_208' title='bbox 447 3721 458 3754; x_wconf 86' lang='lat'><strong>¹</strong></span> <span class='ocrx_word' id='word_1_209' title='bbox 476 3725 542 3773; x_wconf 78' lang='lat' dir='ltr'>‘torn</span> <span class='ocrx_word' id='word_1_210' title='bbox 554 3726 706 3788; x_wconf 80' lang='lat' dir='ltr'>execranda,</span> <span class='ocrx_word' id='word_1_211' title='bbox 718 3724 876 3789; x_wconf 80' lang='lat' dir='ltr'>detestanda,</span> <span class='ocrx_word' id='word_1_212' title='bbox 901 3729 1003 3778; x_wconf 88' lang='lat' dir='ltr'>tudines</span> <span class='ocrx_word' id='word_1_213' title='bbox 1023 3731 1094 3791; x_wconf 79' lang='lat' dir='ltr'>regni</span> <span class='ocrx_word' id='word_1_214' title='bbox 1111 3731 1190 3778; x_wconf 66' lang='lat' dir='ltr'>noemi</span> <span class='ocrx_word' id='word_1_215' title='bbox 1207 3740 1294 3779; x_wconf 84' lang='lat' dir='ltr'>contra</span> <span class='ocrx_word' id='word_1_216' title='bbox 1312 3745 1365 3793; x_wconf 86' lang='lat' dir='ltr'>eos,</span> 
     </span>
     <span class='ocr_line' id='line_1_33' title="bbox 412 3794 1367 3862; baseline 0.004 -18"><span class='ocrx_word' id='word_1_217' title='bbox 412 3799 438 3844; x_wconf 89' lang='lat' dir='ltr'>et</span> <span class='ocrx_word' id='word_1_218' title='bbox 449 3794 576 3856; x_wconf 81' lang='lat' dir='ltr'>netanda,’</span> <span class='ocrx_word' id='word_1_219' title='bbox 588 3795 646 3844; x_wconf 86' lang='lat' dir='ltr'>Rot.</span> <span class='ocrx_word' id='word_1_220' title='bbox 901 3797 933 3846; x_wconf 88' lang='lat' dir='ltr'>de</span> <span class='ocrx_word' id='word_1_221' title='bbox 950 3799 1056 3847; x_wconf 91' lang='lat' dir='ltr'>consilio</span> <span class='ocrx_word' id='word_1_222' title='bbox 1073 3813 1206 3860; x_wconf 87' lang='lat' dir='ltr'>procerum</span> <span class='ocrx_word' id='word_1_223' title='bbox 1221 3805 1247 3848; x_wconf 91' lang='lat' dir='ltr'>et</span> <span class='ocrx_word' id='word_1_224' title='bbox 1263 3815 1367 3862; x_wconf 80' lang='lat' dir='ltr'>magna·</span> 
     </span>
    </p>

    <p class='ocr_par' dir='ltr' id='par_1_6' title="bbox 447 3861 1312 3931">
     <span class='ocr_line' id='line_1_34' title="bbox 447 3861 1312 3931; baseline 0.007 -19"><span class='ocrx_word' id='word_1_225' title='bbox 447 3861 458 3892; x_wconf 81' lang='lat'><strong>³</strong></span> <span class='ocrx_word' id='word_1_226' title='bbox 473 3863 616 3926; x_wconf 60' lang='lat' dir='ltr'>‘tolerare&#39;</span> <span class='ocrx_word' id='word_1_227' title='bbox 628 3866 685 3914; x_wconf 82' lang='lat' dir='ltr'>Rot¹</span> <span class='ocrx_word' id='word_1_228' title='bbox 901 3872 955 3916; x_wconf 90' lang='lat' dir='ltr'>tum</span> <span class='ocrx_word' id='word_1_229' title='bbox 966 3873 1117 3928; x_wconf 86' lang='lat' dir='ltr'>nostrorum,</span> <span class='ocrx_word' id='word_1_230' title='bbox 1128 3870 1242 3931; x_wconf 87' lang='lat' dir='ltr'>indict0,’</span> <span class='ocrx_word' id='word_1_231' title='bbox 1254 3871 1312 3919; x_wconf 90' lang='lat' dir='ltr'>Rot.</span> 
     </span>
    </p>

    <p class='ocr_par' dir='ltr' id='par_1_7' title="bbox 447 3933 875 3996">
     <span class='ocr_line' id='line_1_35' title="bbox 447 3933 875 3996; baseline 0 -13"><span class='ocrx_word' id='word_1_232' title='bbox 447 3933 457 3962; x_wconf 88' lang='lat'>⁴</span> <span class='ocrx_word' id='word_1_233' title='bbox 474 3935 547 3983; x_wconf 87' lang='lat' dir='ltr'>‘cum</span> <span class='ocrx_word' id='word_1_234' title='bbox 559 3935 626 3983; x_wconf 87' lang='lat' dir='ltr'>idem</span> <span class='ocrx_word' id='word_1_235' title='bbox 638 3934 769 3984; x_wconf 79' lang='lat' dir='ltr'>Johunnes</span> <span class='ocrx_word' id='word_1_236' title='bbox 781 3939 806 3984; x_wconf 89' lang='lat' dir='ltr'>et</span> <span class='ocrx_word' id='word_1_237' title='bbox 814 3949 875 3996; x_wconf 82' lang='lat' dir='ltr'>gens</span> 
     </span>
    </p>
   </div>
   <div class='ocr_carea' id='block_1_4' title="bbox 411 4003 1186 4274">
    <p class='ocr_par' dir='ltr' id='par_1_8' title="bbox 411 4003 876 4065">
     <span class='ocr_line' id='line_1_36' title="bbox 411 4003 876 4065; baseline 0 -13"><span class='ocrx_word' id='word_1_238' title='bbox 411 4005 543 4054; x_wconf 88' lang='lat' dir='ltr'>Scotorum</span> <span class='ocrx_word' id='word_1_239' title='bbox 555 4005 634 4053; x_wconf 90' lang='lat' dir='ltr'>nostri</span> <span class='ocrx_word' id='word_1_240' title='bbox 644 4005 741 4054; x_wconf 83' lang='lat' dir='ltr'>subditi</span> <span class='ocrx_word' id='word_1_241' title='bbox 749 4019 795 4065; x_wconf 87' lang='lat' dir='ltr'>per</span> <span class='ocrx_word' id='word_1_242' title='bbox 806 4003 876 4065; x_wconf 80' lang='lat' dir='ltr'>leges</span> 
     </span>
    </p>

    <p class='ocr_par' dir='ltr' id='par_1_9' title="bbox 411 4075 876 4136">
     <span class='ocr_line' id='line_1_37' title="bbox 411 4075 876 4136; baseline 0 -14"><span class='ocrx_word' id='word_1_243' title='bbox 411 4089 439 4122; x_wconf 88' lang='lat' dir='ltr'>se</span> <span class='ocrx_word' id='word_1_244' title='bbox 456 4075 594 4136; x_wconf 80' lang='lat' dir='ltr'>justificari</span> <span class='ocrx_word' id='word_1_245' title='bbox 621 4076 723 4122; x_wconf 86' lang='lat' dir='ltr'>minime</span> <span class='ocrx_word' id='word_1_246' title='bbox 748 4075 876 4135; x_wconf 87' lang='lat' dir='ltr'>permisis-</span> 
     </span>
    </p>

    <p class='ocr_par' dir='ltr' id='par_1_10' title="bbox 411 4145 1186 4274">
     <span class='ocr_line' id='line_1_38' title="bbox 411 4145 717 4207; baseline 0.003 -15"><span class='ocrx_word' id='word_1_247' title='bbox 411 4149 476 4206; x_wconf 84' lang='lat' dir='ltr'>sent,</span> <span class='ocrx_word' id='word_1_248' title='bbox 487 4147 543 4204; x_wconf 88' lang='lat' dir='ltr'>ipso</span> <span class='ocrx_word' id='word_1_249' title='bbox 554 4145 649 4207; x_wconf 77' lang='lat' dir='ltr'>regn0,&#39;</span> <span class='ocrx_word' id='word_1_250' title='bbox 661 4145 717 4193; x_wconf 86' lang='lat' dir='ltr'>Rot.</span> 
     </span>
     <span class='ocr_line' id='line_1_39' title="bbox 447 4206 1186 4274; baseline 0.005 -14"><span class='ocrx_word' id='word_1_251' title='bbox 447 4211 648 4274; x_wconf 81' lang='lat' dir='ltr'>⁵‘praemissis;</span> <span class='ocrx_word' id='word_1_252' title='bbox 670 4213 804 4263; x_wconf 86' lang='lat' dir='ltr'>commisso</span> <span class='ocrx_word' id='word_1_253' title='bbox 831 4211 876 4261; x_wconf 89' lang='lat' dir='ltr'>de·</span> <span class='ocrx_word' id='word_1_254' title='bbox 936 4206 946 4238; x_wconf 90' lang='lat'>⁷</span> <span class='ocrx_word' id='word_1_255' title='bbox 964 4212 1078 4261; x_wconf 88' lang='lat' dir='ltr'>Omitted</span> <span class='ocrx_word' id='word_1_256' title='bbox 1090 4213 1116 4261; x_wconf 90' lang='lat' dir='ltr'>in</span> <span class='ocrx_word' id='word_1_257' title='bbox 1128 4213 1186 4264; x_wconf 87' lang='lat' dir='ltr'>Rot.</span> 
     </span>
    </p>
   </div>
   <div class='ocr_carea' id='block_1_5' title="bbox 901 3967 1367 4174">
    <p class='ocr_par' dir='ltr' id='par_1_11' title="bbox 901 3967 1367 4174">
     <span class='ocr_line' id='line_1_40' title="bbox 936 3967 1367 4032; baseline 0.012 -15"><span class='ocrx_word' id='word_1_258' title='bbox 936 3967 946 3998; x_wconf 80' lang='lat'>⁸</span> <span class='ocrx_word' id='word_1_259' title='bbox 962 3971 1097 4032; x_wconf 81' lang='lat' dir='ltr'>‘tanquam</span> <span class='ocrx_word' id='word_1_260' title='bbox 1114 3971 1210 4020; x_wconf 88' lang='lat' dir='ltr'>notorie</span> <span class='ocrx_word' id='word_1_261' title='bbox 1225 3973 1367 4032; x_wconf 90' lang='lat' dir='ltr'>proditores</span> 
     </span>
     <span class='ocr_line' id='line_1_41' title="bbox 902 4041 1365 4102; baseline 0.011 -15"><span class='ocrx_word' id='word_1_262' title='bbox 902 4045 1072 4102; x_wconf 85' lang='lat' dir='ltr'>contumaces,</span> <span class='ocrx_word' id='word_1_263' title='bbox 1093 4045 1118 4089; x_wconf 91' lang='lat' dir='ltr'>et</span> <span class='ocrx_word' id='word_1_264' title='bbox 1137 4041 1255 4102; x_wconf 84' lang='lat' dir='ltr'>publicos</span> <span class='ocrx_word' id='word_1_265' title='bbox 1278 4041 1365 4094; x_wconf 81' lang='lat' dir='ltr'>hostes</span> 
     </span>
     <span class='ocr_line' id='line_1_42' title="bbox 901 4110 1248 4174; baseline 0.003 -17"><span class='ocrx_word' id='word_1_266' title='bbox 901 4115 1009 4159; x_wconf 87' lang='lat' dir='ltr'>nostros.</span> <span class='ocrx_word' id='word_1_267' title='bbox 1046 4110 1175 4174; x_wconf 84' lang='lat' dir='ltr'>Subacto,’</span> <span class='ocrx_word' id='word_1_268' title='bbox 1188 4111 1248 4160; x_wconf 62' lang='lat' dir='ltr'>Rot,</span> 
     </span>
    </p>
   </div>
   <div class='ocr_carea' id='block_1_6' title="bbox 0 0 1599 4992">
    <p class='ocr_par' dir='ltr' id='par_1_12' title="bbox 0 0 1599 4992">
     <span class='ocr_line' id='line_1_43' title="bbox 0 0 1599 4992; baseline 0 0"><span class='ocrx_word' id='word_1_269' title='bbox 0 0 1599 4992; x_wconf 95' lang='lat' dir='ltr'> </span> 
     </span>
    </p>
   </div>
  </div>
 </body>
</html>
