<?xml version="1.0" encoding="UTF-8"?>
<!DOCTYPE html PUBLIC "-//W3C//DTD XHTML 1.0 Transitional//EN"
    "http://www.w3.org/TR/xhtml1/DTD/xhtml1-transitional.dtd">
<html xmlns="http://www.w3.org/1999/xhtml" xml:lang="en" lang="en">
 <head>
  <title>
</title>
<meta http-equiv="Content-Type" content="text/html;charset=utf-8" />
  <meta name='ocr-system' content='tesseract 3.04.00' />
  <meta name='ocr-capabilities' content='ocr_page ocr_carea ocr_par ocr_line ocrx_word'/>
</head>
<body>
  <div class='ocr_page' id='page_1' title='image "./chronicondomini00hamigoog_0347.png"; bbox 0 0 3138 4988; ppageno 0'>
   <div class='ocr_carea' id='block_1_1' title="bbox 435 466 1174 530">
    <p class='ocr_par' dir='ltr' id='par_1_1' title="bbox 435 466 1174 530">
     <span class='ocr_line' id='line_1_1' title="bbox 435 466 1174 530; baseline 0.004 -4"><span class='ocrx_word' id='word_1_1' title='bbox 435 477 606 526; x_wconf 76' lang='lat' dir='ltr'>wntnuar</span> <span class='ocrx_word' id='word_1_2' title='bbox 629 481 677 526; x_wconf 81' lang='lat' dir='ltr'>nu</span> <span class='ocrx_word' id='word_1_3' title='bbox 701 481 984 530; x_wconf 66' lang='lat' dir='ltr'>heninchouen.</span> <span class='ocrx_word' id='word_1_4' title='bbox 1108 466 1174 529; x_wconf 91' lang='grc'>333</span> 
     </span>
    </p>
   </div>
   <div class='ocr_carea' id='block_1_2' title="bbox 224 647 1332 3787">
    <p class='ocr_par' dir='ltr' id='par_1_2' title="bbox 224 647 1332 3787">
     <span class='ocr_line' id='line_1_2' title="bbox 225 647 1330 756; baseline 0.004 -46"><span class='ocrx_word' id='word_1_5' title='bbox 225 648 413 722; x_wconf 81' lang='lat' dir='ltr'><strong>carissime,</strong></span> <span class='ocrx_word' id='word_1_6' title='bbox 445 647 523 722; x_wconf 89' lang='lat' dir='ltr'>fide,</span> <span class='ocrx_word' id='word_1_7' title='bbox 562 650 601 710; x_wconf 90' lang='lat' dir='ltr'>ut</span> <span class='ocrx_word' id='word_1_8' title='bbox 632 648 779 724; x_wconf 88' lang='lat' dir='ltr'>videtur,</span> <span class='ocrx_word' id='word_1_9' title='bbox 814 649 970 713; x_wconf 79' lang='lat' dir='ltr'>adhibita</span> <span class='ocrx_word' id='word_1_10' title='bbox 998 647 1173 732; x_wconf 85' lang='lat' dir='ltr'>praedictis</span> <span class='ocrx_word' id='word_1_11' title='bbox 1184 667 1276 756; x_wconf 55' lang='lat' dir='ltr'>sspwpp</span> <span class='ocrx_word' id='word_1_12' title='bbox 1280 667 1330 755; x_wconf 44' lang='lat'>³¹315}</span> 
     </span>
     <span class='ocr_line' id='line_1_3' title="bbox 225 743 1332 849; baseline 0.005 -40"><span class='ocrx_word' id='word_1_13' title='bbox 225 747 321 809; x_wconf 77' lang='lat' dir='ltr'>falsis</span> <span class='ocrx_word' id='word_1_14' title='bbox 339 745 621 826; x_wconf 77' lang='lat' dir='ltr'>&#39;suggestionibus</span> <span class='ocrx_word' id='word_1_15' title='bbox 643 755 678 809; x_wconf 87' lang='lat' dir='ltr'>et</span> <span class='ocrx_word' id='word_1_16' title='bbox 698 748 883 824; x_wconf 90' lang='lat' dir='ltr'>mendosis,</span> <span class='ocrx_word' id='word_1_17' title='bbox 902 756 936 812; x_wconf 89' lang='lat' dir='ltr'>te</span> <span class='ocrx_word' id='word_1_18' title='bbox 961 751 1117 812; x_wconf 86' lang='lat' dir='ltr'>nostrum</span> <span class='ocrx_word' id='word_1_19' title='bbox 1139 745 1232 840; x_wconf 50' lang='lat' dir='ltr'>etffl,¹</span> <span class='ocrx_word' id='word_1_20' title='bbox 1242 746 1266 839; x_wconf 65' lang='lat'>0⁴,</span> <span class='ocrx_word' id='word_1_21' title='bbox 1278 743 1332 849; x_wconf 47' lang='lat' dir='ltr'>Pop}</span> 
     </span>
     <span class='ocr_line' id='line_1_4' title="bbox 224 845 1288 941; baseline 0.004 -33"><span class='ocrx_word' id='word_1_22' title='bbox 224 845 379 928; x_wconf 88' lang='lat' dir='ltr'>ejusdem</span> <span class='ocrx_word' id='word_1_23' title='bbox 423 845 592 908; x_wconf 85' lang='lat' dir='ltr'>Romanae</span> <span class='ocrx_word' id='word_1_24' title='bbox 638 845 792 909; x_wconf 88' lang='lat' dir='ltr'>ecclesiae</span> <span class='ocrx_word' id='word_1_25' title='bbox 839 856 1094 927; x_wconf 82' lang='lat' dir='ltr'>persecutorem</span> <span class='ocrx_word' id='word_1_26' title='bbox 1134 847 1288 941; x_wconf 48' lang='lat' dir='ltr'>&#39;erepsit</span> 
     </span>
     <span class='ocr_line' id='line_1_5' title="bbox 226 944 1174 1030; baseline 0.005 -24"><span class='ocrx_word' id='word_1_27' title='bbox 226 945 372 1019; x_wconf 88' lang='lat' dir='ltr'>hostem,</span> <span class='ocrx_word' id='word_1_28' title='bbox 395 944 557 1008; x_wconf 89' lang='lat' dir='ltr'>invadere</span> <span class='ocrx_word' id='word_1_29' title='bbox 584 963 623 1006; x_wconf 90' lang='lat' dir='ltr'>ac</span> <span class='ocrx_word' id='word_1_30' title='bbox 652 963 822 1026; x_wconf 86' lang='lat' dir='ltr'>occupare</span> <span class='ocrx_word' id='word_1_31' title='bbox 852 945 998 1009; x_wconf 76' lang='lat' dir='ltr'>honores</span> <span class='ocrx_word' id='word_1_32' title='bbox 1031 956 1066 1010; x_wconf 96' lang='lat' dir='ltr'>et</span> <span class='ocrx_word' id='word_1_33' title='bbox 1090 945 1174 1030; x_wconf 87' lang='lat' dir='ltr'>jura</span> 
     </span>
     <span class='ocr_line' id='line_1_6' title="bbox 226 1042 1175 1126; baseline 0.005 -21"><span class='ocrx_word' id='word_1_34' title='bbox 226 1051 345 1107; x_wconf 91' lang='lat' dir='ltr'>nostra</span> <span class='ocrx_word' id='word_1_35' title='bbox 375 1050 410 1105; x_wconf 93' lang='lat' dir='ltr'>et</span> <span class='ocrx_word' id='word_1_36' title='bbox 435 1042 586 1125; x_wconf 87' lang='lat' dir='ltr'>ejusdem</span> <span class='ocrx_word' id='word_1_37' title='bbox 606 1043 773 1118; x_wconf 85' lang='lat' dir='ltr'>ecclesiae,</span> <span class='ocrx_word' id='word_1_38' title='bbox 790 1044 833 1106; x_wconf 90' lang='lat' dir='ltr'>ad</span> <span class='ocrx_word' id='word_1_39' title='bbox 856 1063 942 1125; x_wconf 91' lang='lat' dir='ltr'>quos</span> <span class='ocrx_word' id='word_1_40' title='bbox 966 1047 1119 1126; x_wconf 86' lang='lat' dir='ltr'>regimen</span> <span class='ocrx_word' id='word_1_41' title='bbox 1139 1054 1175 1110; x_wconf 90' lang='lat' dir='ltr'>et</span> 
     </span>
     <span class='ocr_line' id='line_1_7' title="bbox 228 1141 1174 1222; baseline 0.004 -18"><span class='ocrx_word' id='word_1_42' title='bbox 228 1141 478 1205; x_wconf 85' lang='lat' dir='ltr'>administratio</span> <span class='ocrx_word' id='word_1_43' title='bbox 506 1141 639 1222; x_wconf 85' lang='lat' dir='ltr'>imperii</span> <span class='ocrx_word' id='word_1_44' title='bbox 669 1142 917 1218; x_wconf 90' lang='lat' dir='ltr'>Romanorum,</span> <span class='ocrx_word' id='word_1_45' title='bbox 946 1163 986 1206; x_wconf 91' lang='lat' dir='ltr'>eo</span> <span class='ocrx_word' id='word_1_46' title='bbox 1016 1146 1174 1221; x_wconf 87' lang='lat' dir='ltr'>vacante,</span> 
     </span>
     <span class='ocr_line' id='line_1_8' title="bbox 228 1241 1174 1326; baseline 0.004 -23"><span class='ocrx_word' id='word_1_47' title='bbox 228 1241 319 1304; x_wconf 89' lang='lat' dir='ltr'>sicut</span> <span class='ocrx_word' id='word_1_48' title='bbox 344 1260 435 1302; x_wconf 91' lang='lat' dir='ltr'>nunc</span> <span class='ocrx_word' id='word_1_49' title='bbox 455 1259 578 1302; x_wconf 85' lang='lat' dir='ltr'>vacare</span> <span class='ocrx_word' id='word_1_50' title='bbox 596 1241 759 1316; x_wconf 88' lang='lat' dir='ltr'>noscitur,</span> <span class='ocrx_word' id='word_1_51' title='bbox 777 1243 948 1322; x_wconf 86' lang='lat' dir='ltr'>pertinent</span> <span class='ocrx_word' id='word_1_52' title='bbox 964 1243 1065 1323; x_wconf 91' lang='lat' dir='ltr'>pleno</span> <span class='ocrx_word' id='word_1_53' title='bbox 1082 1243 1174 1326; x_wconf 90' lang='lat' dir='ltr'>jure,</span> 
     </span>
     <span class='ocr_line' id='line_1_9' title="bbox 229 1339 1180 1420; baseline 0.005 -19"><span class='ocrx_word' id='word_1_54' title='bbox 229 1339 371 1415; x_wconf 88' lang='lat' dir='ltr'>moliris,</span> <span class='ocrx_word' id='word_1_55' title='bbox 400 1339 611 1402; x_wconf 88' lang='lat' dir='ltr'>molestando</span> <span class='ocrx_word' id='word_1_56' title='bbox 634 1339 796 1418; x_wconf 88' lang='lat' dir='ltr'>praelatos</span> <span class='ocrx_word' id='word_1_57' title='bbox 818 1347 855 1402; x_wconf 89' lang='lat' dir='ltr'>et</span> <span class='ocrx_word' id='word_1_58' title='bbox 876 1359 1040 1420; x_wconf 88' lang='lat' dir='ltr'>personas</span> <span class='ocrx_word' id='word_1_59' title='bbox 1067 1343 1180 1407; x_wconf 54' lang='lat' dir='ltr'>ecclc?</span> 
     </span>
     <span class='ocr_line' id='line_1_10' title="bbox 229 1434 1239 1518; baseline 0.004 -18"><span class='ocrx_word' id='word_1_60' title='bbox 229 1439 387 1501; x_wconf 85' lang='lat' dir='ltr'>siasticas</span> <span class='ocrx_word' id='word_1_61' title='bbox 403 1438 438 1499; x_wconf 92' lang='lat' dir='ltr'>in</span> <span class='ocrx_word' id='word_1_62' title='bbox 457 1444 575 1500; x_wconf 88' lang='lat' dir='ltr'>nostra</span> <span class='ocrx_word' id='word_1_63' title='bbox 591 1443 626 1502; x_wconf 91' lang='lat' dir='ltr'>et</span> <span class='ocrx_word' id='word_1_64' title='bbox 642 1437 750 1518; x_wconf 88' lang='lat' dir='ltr'>ipsius</span> <span class='ocrx_word' id='word_1_65' title='bbox 769 1439 921 1501; x_wconf 86' lang='lat' dir='ltr'>ecclesiae</span> <span class='ocrx_word' id='word_1_66' title='bbox 935 1439 1118 1504; x_wconf 87' lang='lat' dir='ltr'>devotione</span> <span class='ocrx_word' id='word_1_67' title='bbox 1136 1461 1176 1504; x_wconf 88' lang='lat' dir='ltr'>ac</span> <span class='ocrx_word' id='word_1_68' title='bbox 1234 1434 1239 1440; x_wconf 71' lang='grc'><strong>’</strong></span> 
     </span>
     <span class='ocr_line' id='line_1_11' title="bbox 229 1536 1175 1618; baseline 0.005 -20"><span class='ocrx_word' id='word_1_69' title='bbox 229 1537 395 1600; x_wconf 86' lang='lat' dir='ltr'>fidelitate</span> <span class='ocrx_word' id='word_1_70' title='bbox 417 1536 554 1611; x_wconf 89' lang='lat' dir='ltr'>debitis,</span> <span class='ocrx_word' id='word_1_71' title='bbox 577 1543 616 1598; x_wconf 93' lang='lat' dir='ltr'>ut</span> <span class='ocrx_word' id='word_1_72' title='bbox 636 1537 869 1616; x_wconf 87' lang='lat' dir='ltr'>praemittitur,</span> <span class='ocrx_word' id='word_1_73' title='bbox 887 1539 1175 1618; x_wconf 56' lang='lat' dir='ltr'>‘persistentesfl</span> 
     </span>
     <span class='ocr_line' id='line_1_12' title="bbox 229 1635 1178 1717; baseline 0.003 -18"><span class='ocrx_word' id='word_1_74' title='bbox 229 1637 391 1717; x_wconf 88' lang='lat' dir='ltr'>ipsosque</span> <span class='ocrx_word' id='word_1_75' title='bbox 416 1635 460 1697; x_wconf 81' lang='lat' dir='ltr'>ed</span> <span class='ocrx_word' id='word_1_76' title='bbox 483 1635 710 1698; x_wconf 85' lang='lat' dir='ltr'>obedientiam</span> <span class='ocrx_word' id='word_1_77' title='bbox 737 1636 820 1700; x_wconf 91' lang='lat' dir='ltr'>dicti</span> <span class='ocrx_word' id='word_1_78' title='bbox 850 1635 1027 1711; x_wconf 90' lang='lat' dir='ltr'>Ludovici,</span> <span class='ocrx_word' id='word_1_79' title='bbox 1056 1640 1099 1701; x_wconf 87' lang='lat' dir='ltr'>de</span> <span class='ocrx_word' id='word_1_80' title='bbox 1127 1640 1178 1702; x_wconf 92' lang='lat' dir='ltr'>di-</span> 
     </span>
     <span class='ocr_line' id='line_1_13' title="bbox 232 1732 1176 1814; baseline 0.002 -16"><span class='ocrx_word' id='word_1_81' title='bbox 232 1735 351 1809; x_wconf 85' lang='lat' dir='ltr'>versis&#39;,</span> <span class='ocrx_word' id='word_1_82' title='bbox 368 1741 407 1795; x_wconf 92' lang='lat' dir='ltr'>ut</span> <span class='ocrx_word' id='word_1_83' title='bbox 423 1734 655 1814; x_wconf 87' lang='lat' dir='ltr'>praemittitur,</span> <span class='ocrx_word' id='word_1_84' title='bbox 674 1732 862 1796; x_wconf 82' lang='lat' dir='ltr'>haeresibus</span> <span class='ocrx_word' id='word_1_85' title='bbox 881 1743 916 1798; x_wconf 91' lang='lat' dir='ltr'>et</span> <span class='ocrx_word' id='word_1_86' title='bbox 934 1735 1176 1800; x_wconf 85' lang='lat' dir='ltr'>schismatibus</span> 
     </span>
     <span class='ocr_line' id='line_1_14' title="bbox 231 1831 1174 1912; baseline 0.005 -18"><span class='ocrx_word' id='word_1_87' title='bbox 231 1833 378 1912; x_wconf 89' lang='lat' dir='ltr'>aliisque</span> <span class='ocrx_word' id='word_1_88' title='bbox 400 1831 597 1894; x_wconf 88' lang='lat' dir='ltr'>criminibus</span> <span class='ocrx_word' id='word_1_89' title='bbox 615 1832 865 1895; x_wconf 88' lang='lat' dir='ltr'>sententialiter</span> <span class='ocrx_word' id='word_1_90' title='bbox 886 1834 1117 1910; x_wconf 90' lang='lat' dir='ltr'>condemnati,</span> <span class='ocrx_word' id='word_1_91' title='bbox 1134 1856 1174 1899; x_wconf 86' lang='lat' dir='ltr'>ac</span> 
     </span>
     <span class='ocr_line' id='line_1_15' title="bbox 226 1929 1173 2014; baseline 0.002 -20"><span class='ocrx_word' id='word_1_92' title='bbox 226 1931 306 2014; x_wconf 90' lang='lat' dir='ltr'>jure</span> <span class='ocrx_word' id='word_1_93' title='bbox 324 1931 419 2010; x_wconf 81' lang='lat' dir='ltr'>regio</span> <span class='ocrx_word' id='word_1_94' title='bbox 430 1939 464 1992; x_wconf 92' lang='lat' dir='ltr'>et</span> <span class='ocrx_word' id='word_1_95' title='bbox 482 1929 627 2009; x_wconf 86' lang='lat' dir='ltr'>imperii,</span> <span class='ocrx_word' id='word_1_96' title='bbox 639 1930 668 1992; x_wconf 90' lang='lat' dir='ltr'>si</span> <span class='ocrx_word' id='word_1_97' title='bbox 684 1931 775 2010; x_wconf 90' lang='lat' dir='ltr'>quod</span> <span class='ocrx_word' id='word_1_98' title='bbox 791 1930 908 1992; x_wconf 84' lang='lat' dir='ltr'>forsan</span> <span class='ocrx_word' id='word_1_99' title='bbox 922 1932 965 1994; x_wconf 86' lang='lat' dir='ltr'>ad</span> <span class='ocrx_word' id='word_1_100' title='bbox 984 1953 1062 1995; x_wconf 87' lang='lat' dir='ltr'>eum</span> <span class='ocrx_word' id='word_1_101' title='bbox 1080 1953 1173 1996; x_wconf 90' lang='lat' dir='ltr'>com-</span> 
     </span>
     <span class='ocr_line' id='line_1_16' title="bbox 232 2029 1178 2111; baseline 0.003 -18"><span class='ocrx_word' id='word_1_102' title='bbox 232 2031 390 2111; x_wconf 89' lang='lat' dir='ltr'>petierat,</span> <span class='ocrx_word' id='word_1_103' title='bbox 422 2029 478 2094; x_wconf 83' lang='lat' dir='ltr'>vel</span> <span class='ocrx_word' id='word_1_104' title='bbox 510 2029 614 2090; x_wconf 88' lang='lat' dir='ltr'>etiam</span> <span class='ocrx_word' id='word_1_105' title='bbox 650 2030 878 2108; x_wconf 89' lang='lat' dir='ltr'>competebat,</span> <span class='ocrx_word' id='word_1_106' title='bbox 910 2029 1008 2111; x_wconf 90' lang='lat' dir='ltr'>justo</span> <span class='ocrx_word' id='word_1_107' title='bbox 1045 2031 1111 2094; x_wconf 92' lang='lat' dir='ltr'>Dei</span> <span class='ocrx_word' id='word_1_108' title='bbox 1143 2041 1178 2096; x_wconf 91' lang='lat' dir='ltr'>et</span> 
     </span>
     <span class='ocr_line' id='line_1_17' title="bbox 233 2126 1177 2212; baseline 0.001 -20"><span class='ocrx_word' id='word_1_109' title='bbox 233 2128 386 2192; x_wconf 75' lang='lat' dir='ltr'>ecclesiae</span> <span class='ocrx_word' id='word_1_110' title='bbox 410 2126 542 2210; x_wconf 90' lang='lat' dir='ltr'>judicio</span> <span class='ocrx_word' id='word_1_111' title='bbox 572 2127 710 2207; x_wconf 89' lang='lat' dir='ltr'>privati,</span> <span class='ocrx_word' id='word_1_112' title='bbox 734 2146 774 2190; x_wconf 86' lang='lat' dir='ltr'>ac</span> <span class='ocrx_word' id='word_1_113' title='bbox 794 2129 1054 2208; x_wconf 87' lang='lat' dir='ltr'>praestationem</span> <span class='ocrx_word' id='word_1_114' title='bbox 1075 2130 1177 2212; x_wconf 91' lang='lat' dir='ltr'>hujus</span> 
     </span>
     <span class='ocr_line' id='line_1_18' title="bbox 233 2225 1176 2310; baseline 0.002 -20"><span class='ocrx_word' id='word_1_115' title='bbox 233 2226 479 2306; x_wconf 83' lang='lat' dir='ltr'>recognitionis</span> <span class='ocrx_word' id='word_1_116' title='bbox 493 2233 527 2288; x_wconf 89' lang='lat' dir='ltr'>et</span> <span class='ocrx_word' id='word_1_117' title='bbox 542 2225 786 2306; x_wconf 84' lang='lat' dir='ltr'>homagiisibi,</span> <span class='ocrx_word' id='word_1_118' title='bbox 796 2226 851 2289; x_wconf 88' lang='lat' dir='ltr'>vel</span> <span class='ocrx_word' id='word_1_119' title='bbox 863 2227 925 2288; x_wconf 93' lang='lat' dir='ltr'>tibi</span> <span class='ocrx_word' id='word_1_120' title='bbox 941 2226 1017 2310; x_wconf 88' lang='lat' dir='ltr'>ejus</span> <span class='ocrx_word' id='word_1_121' title='bbox 1028 2230 1176 2304; x_wconf 88' lang='lat' dir='ltr'>nomine,</span> 
     </span>
     <span class='ocr_line' id='line_1_19' title="bbox 232 2324 1176 2408; baseline 0.001 -19"><span class='ocrx_word' id='word_1_122' title='bbox 232 2325 434 2398; x_wconf 85' lang='lat' dir='ltr'>faciendam,</span> <span class='ocrx_word' id='word_1_123' title='bbox 448 2324 620 2388; x_wconf 87' lang='lat' dir='ltr'>attrahere</span> <span class='ocrx_word' id='word_1_124' title='bbox 638 2332 673 2386; x_wconf 87' lang='lat' dir='ltr'>et</span> <span class='ocrx_word' id='word_1_125' title='bbox 687 2324 862 2401; x_wconf 81' lang='lat' dir='ltr'>inducere,</span> <span class='ocrx_word' id='word_1_126' title='bbox 874 2327 1039 2393; x_wconf 87' lang='lat' dir='ltr'>coactivis</span> <span class='ocrx_word' id='word_1_127' title='bbox 1052 2327 1176 2408; x_wconf 85' lang='lat' dir='ltr'>impul-</span> 
     </span>
     <span class='ocr_line' id='line_1_20' title="bbox 231 2423 1178 2504; baseline 0.002 -18"><span class='ocrx_word' id='word_1_128' title='bbox 231 2425 326 2487; x_wconf 91' lang='lat' dir='ltr'>sibus</span> <span class='ocrx_word' id='word_1_129' title='bbox 357 2430 391 2486; x_wconf 93' lang='lat' dir='ltr'>et</span> <span class='ocrx_word' id='word_1_130' title='bbox 418 2423 738 2487; x_wconf 89' lang='lat' dir='ltr'>commonitionibus</span> <span class='ocrx_word' id='word_1_131' title='bbox 773 2425 975 2504; x_wconf 81' lang='lat' dir='ltr'>satagendo.</span> <span class='ocrx_word' id='word_1_132' title='bbox 1003 2425 1178 2502; x_wconf 84' lang='lat' dir='ltr'>Utinam,</span> 
     </span>
     <span class='ocr_line' id='line_1_21' title="bbox 232 2521 1176 2603; baseline 0.004 -19"><span class='ocrx_word' id='word_1_133' title='bbox 232 2522 294 2598; x_wconf 89' lang='lat' dir='ltr'>fili,</span> <span class='ocrx_word' id='word_1_134' title='bbox 310 2530 495 2603; x_wconf 86' lang='lat' dir='ltr'>antequam</span> <span class='ocrx_word' id='word_1_135' title='bbox 512 2521 554 2584; x_wconf 85' lang='lat' dir='ltr'>de</span> <span class='ocrx_word' id='word_1_136' title='bbox 571 2521 637 2583; x_wconf 90' lang='lat' dir='ltr'>hiis</span> <span class='ocrx_word' id='word_1_137' title='bbox 652 2527 724 2584; x_wconf 86' lang='lat' dir='ltr'>tam</span> <span class='ocrx_word' id='word_1_138' title='bbox 735 2521 935 2602; x_wconf 85' lang='lat' dir='ltr'>periculosis</span> <span class='ocrx_word' id='word_1_139' title='bbox 945 2531 983 2585; x_wconf 70' lang='lat' dir='ltr'>‘et</span> <span class='ocrx_word' id='word_1_140' title='bbox 1000 2523 1176 2588; x_wconf 88' lang='lat' dir='ltr'>detestan-</span> 
     </span>
     <span class='ocr_line' id='line_1_22' title="bbox 231 2620 1177 2701; baseline 0.002 -17"><span class='ocrx_word' id='word_1_141' title='bbox 231 2621 284 2684; x_wconf 89' lang='lat' dir='ltr'>dis</span> <span class='ocrx_word' id='word_1_142' title='bbox 312 2628 346 2684; x_wconf 91' lang='lat' dir='ltr'>te</span> <span class='ocrx_word' id='word_1_143' title='bbox 371 2621 531 2685; x_wconf 88' lang='lat' dir='ltr'>involvas</span> <span class='ocrx_word' id='word_1_144' title='bbox 559 2620 719 2701; x_wconf 67' lang='lat' dir='ltr'>amplius</span> <span class='ocrx_word' id='word_1_145' title='bbox 742 2627 874 2683; x_wconf 86' lang='lat' dir='ltr'>attente</span> <span class='ocrx_word' id='word_1_146' title='bbox 905 2621 1112 2698; x_wconf 88' lang='lat' dir='ltr'>consideres,</span> <span class='ocrx_word' id='word_1_147' title='bbox 1140 2630 1177 2686; x_wconf 87' lang='lat' dir='ltr'>et</span> 
     </span>
     <span class='ocr_line' id='line_1_23' title="bbox 232 2719 1171 2799; baseline 0.003 -17"><span class='ocrx_word' id='word_1_148' title='bbox 232 2728 368 2783; x_wconf 85' lang='lat' dir='ltr'>matura</span> <span class='ocrx_word' id='word_1_149' title='bbox 406 2719 652 2782; x_wconf 88' lang='lat' dir='ltr'>deliberatione</span> <span class='ocrx_word' id='word_1_150' title='bbox 689 2719 821 2799; x_wconf 80' lang='lat' dir='ltr'>praevia</span> <span class='ocrx_word' id='word_1_151' title='bbox 848 2721 1060 2784; x_wconf 80' lang='lat' dir='ltr'>constituas</span> <span class='ocrx_word' id='word_1_152' title='bbox 1092 2729 1171 2789; x_wconf 86' lang='lat' dir='ltr'>ante</span> 
     </span>
     <span class='ocr_line' id='line_1_24' title="bbox 231 2817 1177 2897; baseline 0.003 -16"><span class='ocrx_word' id='word_1_153' title='bbox 231 2820 349 2884; x_wconf 89' lang='lat' dir='ltr'>oculos</span> <span class='ocrx_word' id='word_1_154' title='bbox 364 2818 487 2880; x_wconf 88' lang='lat' dir='ltr'>mentis</span> <span class='ocrx_word' id='word_1_155' title='bbox 501 2824 571 2880; x_wconf 85' lang='lat' dir='ltr'>tuae</span> <span class='ocrx_word' id='word_1_156' title='bbox 581 2817 743 2879; x_wconf 90' lang='lat' dir='ltr'>circuitus</span> <span class='ocrx_word' id='word_1_157' title='bbox 757 2817 966 2897; x_wconf 87' lang='lat' dir='ltr'>periculosos</span> <span class='ocrx_word' id='word_1_158' title='bbox 983 2826 1017 2882; x_wconf 88' lang='lat' dir='ltr'>et</span> <span class='ocrx_word' id='word_1_159' title='bbox 1031 2820 1177 2884; x_wconf 91' lang='lat' dir='ltr'>nodosos</span> 
     </span>
     <span class='ocr_line' id='line_1_25' title="bbox 232 2914 1175 2997; baseline 0.002 -18"><span class='ocrx_word' id='word_1_160' title='bbox 232 2917 387 2996; x_wconf 87' lang='lat' dir='ltr'>laqueos,</span> <span class='ocrx_word' id='word_1_161' title='bbox 417 2916 541 2997; x_wconf 95' lang='lat' dir='ltr'>quibus</span> <span class='ocrx_word' id='word_1_162' title='bbox 576 2923 621 2990; x_wconf 89' lang='lat' dir='ltr'>te,</span> <span class='ocrx_word' id='word_1_163' title='bbox 650 2914 834 2978; x_wconf 91' lang='lat' dir='ltr'>subtilibus</span> <span class='ocrx_word' id='word_1_164' title='bbox 857 2917 1003 2996; x_wconf 83' lang='lat' dir='ltr'>ingeniis</span> <span class='ocrx_word' id='word_1_165' title='bbox 1027 2926 1061 2984; x_wconf 90' lang='lat' dir='ltr'>et</span> <span class='ocrx_word' id='word_1_166' title='bbox 1084 2919 1175 2982; x_wconf 75' lang='lat' dir='ltr'>l&#39;rau-</span> 
     </span>
     <span class='ocr_line' id='line_1_26' title="bbox 232 3013 1177 3095; baseline 0.003 -19"><span class='ocrx_word' id='word_1_167' title='bbox 232 3014 331 3078; x_wconf 90' lang='lat' dir='ltr'>dibus</span> <span class='ocrx_word' id='word_1_168' title='bbox 358 3014 550 3094; x_wconf 84' lang='lat' dir='ltr'>exquisitis,</span> <span class='ocrx_word' id='word_1_169' title='bbox 568 3013 687 3092; x_wconf 85' lang='lat' dir='ltr'>aliqui,</span> <span class='ocrx_word' id='word_1_170' title='bbox 703 3013 745 3074; x_wconf 92' lang='lat' dir='ltr'>de</span> <span class='ocrx_word' id='word_1_171' title='bbox 771 3015 843 3074; x_wconf 89' lang='lat' dir='ltr'>suis</span> <span class='ocrx_word' id='word_1_172' title='bbox 869 3015 984 3094; x_wconf 87' lang='lat' dir='ltr'>potius</span> <span class='ocrx_word' id='word_1_173' title='bbox 1009 3035 1112 3095; x_wconf 87' lang='lat' dir='ltr'>quarn</span> <span class='ocrx_word' id='word_1_174' title='bbox 1135 3019 1177 3080; x_wconf 91' lang='lat' dir='ltr'>de</span> 
     </span>
     <span class='ocr_line' id='line_1_27' title="bbox 232 3111 1174 3194; baseline 0.002 -19"><span class='ocrx_word' id='word_1_175' title='bbox 232 3115 301 3179; x_wconf 89' lang='lat' dir='ltr'>tuis</span> <span class='ocrx_word' id='word_1_176' title='bbox 331 3111 470 3176; x_wconf 90' lang='lat' dir='ltr'>solliciti</span> <span class='ocrx_word' id='word_1_177' title='bbox 509 3111 658 3192; x_wconf 82' lang='lat' dir='ltr'>negotiis</span> <span class='ocrx_word' id='word_1_178' title='bbox 690 3117 725 3174; x_wconf 91' lang='lat' dir='ltr'>et</span> <span class='ocrx_word' id='word_1_179' title='bbox 757 3112 957 3188; x_wconf 77' lang='lat' dir='ltr'>commodiS,</span> <span class='ocrx_word' id='word_1_180' title='bbox 987 3115 1174 3194; x_wconf 80' lang='lat' dir='ltr'>praemissis</span> 
     </span>
     <span class='ocr_line' id='line_1_28' title="bbox 232 3209 1177 3289; baseline 0 -14"><span class='ocrx_word' id='word_1_181' title='bbox 232 3213 419 3286; x_wconf 89' lang='lat' dir='ltr'>involvere,</span> <span class='ocrx_word' id='word_1_182' title='bbox 439 3210 569 3289; x_wconf 89' lang='lat' dir='ltr'>tibique</span> <span class='ocrx_word' id='word_1_183' title='bbox 590 3228 689 3284; x_wconf 89' lang='lat' dir='ltr'>onus,</span> <span class='ocrx_word' id='word_1_184' title='bbox 713 3209 803 3289; x_wconf 91' lang='lat' dir='ltr'>quod</span> <span class='ocrx_word' id='word_1_185' title='bbox 826 3229 848 3272; x_wconf 88' lang='lat' dir='ltr'>a</span> <span class='ocrx_word' id='word_1_186' title='bbox 867 3229 904 3273; x_wconf 90' lang='lat' dir='ltr'>se</span> <span class='ocrx_word' id='word_1_187' title='bbox 925 3211 1177 3289; x_wconf 86' lang='lat' dir='ltr'>quodammodo</span> 
     </span>
     <span class='ocr_line' id='line_1_29' title="bbox 233 3307 1177 3394; baseline -0.002 -20"><span class='ocrx_word' id='word_1_188' title='bbox 233 3311 374 3394; x_wconf 87' lang='lat' dir='ltr'>rejicere</span> <span class='ocrx_word' id='word_1_189' title='bbox 392 3309 548 3389; x_wconf 88' lang='lat' dir='ltr'>cupiunt,</span> <span class='ocrx_word' id='word_1_190' title='bbox 564 3327 633 3370; x_wconf 90' lang='lat' dir='ltr'>nou</span> <span class='ocrx_word' id='word_1_191' title='bbox 649 3308 761 3370; x_wconf 89' lang='lat' dir='ltr'>minus</span> <span class='ocrx_word' id='word_1_192' title='bbox 778 3308 866 3383; x_wconf 86' lang='lat' dir='ltr'>leve,</span> <span class='ocrx_word' id='word_1_193' title='bbox 886 3307 952 3370; x_wconf 81' lang='lat' dir='ltr'>‘si&#39;</span> <span class='ocrx_word' id='word_1_194' title='bbox 966 3307 978 3342; x_wconf 72' lang='lat'><strong>²</strong></span> <span class='ocrx_word' id='word_1_195' title='bbox 994 3309 1177 3390; x_wconf 84' lang='lat' dir='ltr'>diligenter</span> 
     </span>
     <span class='ocr_line' id='line_1_30' title="bbox 232 3405 1177 3487; baseline -0.001 -15"><span class='ocrx_word' id='word_1_196' title='bbox 232 3405 767 3482; x_wconf 80' lang='lat' dir='ltr'>circumstantias‘attenderis,’⁸</span> <span class='ocrx_word' id='word_1_197' title='bbox 778 3408 953 3487; x_wconf 88' lang='lat' dir='ltr'>imponere</span> <span class='ocrx_word' id='word_1_198' title='bbox 965 3409 1177 3486; x_wconf 86' lang='lat' dir='ltr'>molitisunt,</span> 
     </span>
     <span class='ocr_line' id='line_1_31' title="bbox 232 3504 1178 3587; baseline 0.004 -15"><span class='ocrx_word' id='word_1_199' title='bbox 232 3517 267 3572; x_wconf 90' lang='lat' dir='ltr'>et</span> <span class='ocrx_word' id='word_1_200' title='bbox 301 3528 369 3570; x_wconf 89' lang='lat' dir='ltr'>non</span> <span class='ocrx_word' id='word_1_201' title='bbox 402 3507 477 3574; x_wconf 86' lang='lat' dir='ltr'>sine</span> <span class='ocrx_word' id='word_1_202' title='bbox 500 3505 654 3586; x_wconf 90' lang='lat' dir='ltr'>periculo</span> <span class='ocrx_word' id='word_1_203' title='bbox 685 3506 737 3568; x_wconf 94' lang='lat' dir='ltr'>tui</span> <span class='ocrx_word' id='word_1_204' title='bbox 767 3504 949 3587; x_wconf 87' lang='lat' dir='ltr'>praecipitii</span> <span class='ocrx_word' id='word_1_205' title='bbox 979 3508 1178 3577; x_wconf 84' lang='lat' dir='ltr'>moliuntur.</span> 
     </span>
     <span class='ocr_line' id='line_1_32' title="bbox 234 3603 1179 3687; baseline 0.002 -17"><span class='ocrx_word' id='word_1_206' title='bbox 234 3607 309 3670; x_wconf 91' lang='lat' dir='ltr'>Nec</span> <span class='ocrx_word' id='word_1_207' title='bbox 326 3615 359 3668; x_wconf 89' lang='lat' dir='ltr'>te</span> <span class='ocrx_word' id='word_1_208' title='bbox 373 3605 479 3668; x_wconf 88' lang='lat' dir='ltr'>latere</span> <span class='ocrx_word' id='word_1_209' title='bbox 491 3603 648 3666; x_wconf 86' lang='lat' dir='ltr'>volumus</span> <span class='ocrx_word' id='word_1_210' title='bbox 661 3604 754 3685; x_wconf 91' lang='lat' dir='ltr'>quod</span> <span class='ocrx_word' id='word_1_211' title='bbox 765 3604 929 3684; x_wconf 85' lang='lat' dir='ltr'>praefatus</span> <span class='ocrx_word' id='word_1_212' title='bbox 945 3606 1179 3687; x_wconf 84' lang='lat' dir='ltr'>praedecessor</span> 
     </span>
     <span class='ocr_line' id='line_1_33' title="bbox 231 3703 1178 3787; baseline 0 -19"><span class='ocrx_word' id='word_1_213' title='bbox 231 3707 325 3778; x_wconf 90' lang='lat' dir='ltr'>olim,</span> <span class='ocrx_word' id='word_1_214' title='bbox 354 3724 416 3785; x_wconf 89' lang='lat' dir='ltr'>per</span> <span class='ocrx_word' id='word_1_215' title='bbox 441 3704 615 3785; x_wconf 84' lang='lat' dir='ltr'>quandam</span> <span class='ocrx_word' id='word_1_216' title='bbox 643 3703 921 3766; x_wconf 88' lang='lat' dir='ltr'>constitutionem</span> <span class='ocrx_word' id='word_1_217' title='bbox 956 3706 999 3770; x_wconf 88' lang='lat' dir='ltr'>ab</span> <span class='ocrx_word' id='word_1_218' title='bbox 1030 3706 1107 3787; x_wconf 88' lang='lat' dir='ltr'>ipso</span> <span class='ocrx_word' id='word_1_219' title='bbox 1135 3706 1178 3769; x_wconf 91' lang='lat' dir='ltr'>de</span> 
     </span>
    </p>
   </div>
   <div class='ocr_carea' id='block_1_3' title="bbox 229 3876 1181 4288">
    <p class='ocr_par' dir='ltr' id='par_1_3' title="bbox 229 3876 1181 4288">
     <span class='ocr_line' id='line_1_34' title="bbox 266 3876 1178 3940; baseline 0.002 -12"><span class='ocrx_word' id='word_1_220' title='bbox 266 3877 273 3906; x_wconf 89' lang='lat'><strong>¹</strong></span> <span class='ocrx_word' id='word_1_221' title='bbox 292 3878 423 3928; x_wconf 87' lang='lat' dir='ltr'>Amended</span> <span class='ocrx_word' id='word_1_222' title='bbox 434 3878 496 3926; x_wconf 86' lang='lat' dir='ltr'>from</span> <span class='ocrx_word' id='word_1_223' title='bbox 505 3877 689 3938; x_wconf 64' lang='lat' dir='ltr'>withingum,</span> <span class='ocrx_word' id='word_1_224' title='bbox 717 3876 786 3924; x_wconf 90' lang='lat' dir='ltr'>Nero</span> <span class='ocrx_word' id='word_1_225' title='bbox 803 3877 839 3926; x_wconf 88' lang='lat' dir='ltr'>D.</span> <span class='ocrx_word' id='word_1_226' title='bbox 858 3878 896 3940; x_wconf 91' lang='lat' dir='ltr'>ii.‚</span> <span class='ocrx_word' id='word_1_227' title='bbox 912 3878 962 3926; x_wconf 84' lang='lat' dir='ltr'>and</span> <span class='ocrx_word' id='word_1_228' title='bbox 979 3877 1045 3928; x_wconf 80' lang='lat'>0011.</span> <span class='ocrx_word' id='word_1_229' title='bbox 1059 3880 1129 3928; x_wconf 84' lang='lat' dir='ltr'>Trin.</span> <span class='ocrx_word' id='word_1_230' title='bbox 1146 3882 1178 3930; x_wconf 86' lang='lat' dir='ltr'>R.</span> 
     </span>
     <span class='ocr_line' id='line_1_35' title="bbox 230 3945 793 4008; baseline -0.009 -10"><span class='ocrx_word' id='word_1_231' title='bbox 230 3951 301 3998; x_wconf 87' lang='lat' dir='ltr'>Hist.</span> <span class='ocrx_word' id='word_1_232' title='bbox 311 3951 446 4008; x_wconf 74' lang='lat' dir='ltr'>Ang.142;</span> <span class='ocrx_word' id='word_1_233' title='bbox 458 3949 466 3974; x_wconf 89' lang='lat'>‘</span> <span class='ocrx_word' id='word_1_234' title='bbox 472 3945 606 4007; x_wconf 82' lang='lat' dir='ltr'>persistir,&#39;</span> <span class='ocrx_word' id='word_1_235' title='bbox 614 3945 689 3994; x_wconf 89' lang='lat' dir='ltr'>MSS.</span> <span class='ocrx_word' id='word_1_236' title='bbox 716 3950 740 4006; x_wconf 83' lang='lat'>5,</span> <span class='ocrx_word' id='word_1_237' title='bbox 753 3949 793 3994; x_wconf 85' lang='lat' dir='ltr'>to.</span> 
     </span>
     <span class='ocr_line' id='line_1_36' title="bbox 230 4012 1181 4079; baseline -0.005 -10"><span class='ocrx_word' id='word_1_238' title='bbox 230 4021 296 4069; x_wconf 83' lang='lat' dir='ltr'>Goll.</span> <span class='ocrx_word' id='word_1_239' title='bbox 328 4018 417 4078; x_wconf 82' lang='lat' dir='ltr'>Magd.</span> <span class='ocrx_word' id='word_1_240' title='bbox 446 4016 496 4064; x_wconf 85' lang='lat' dir='ltr'>and</span> <span class='ocrx_word' id='word_1_241' title='bbox 524 4015 591 4066; x_wconf 88' lang='lat' dir='ltr'>cott.</span> <span class='ocrx_word' id='word_1_242' title='bbox 620 4013 690 4062; x_wconf 88' lang='lat' dir='ltr'>Nero</span> <span class='ocrx_word' id='word_1_243' title='bbox 750 4015 911 4063; x_wconf 73' lang='lat' dir='ltr'>’Amended</span> <span class='ocrx_word' id='word_1_244' title='bbox 922 4012 985 4067; x_wconf 82' lang='lat' dir='ltr'>froin</span> <span class='ocrx_word' id='word_1_245' title='bbox 998 4015 1181 4079; x_wconf 76' lang='lat' dir='ltr'>Walsingham,</span> 
     </span>
     <span class='ocr_line' id='line_1_37' title="bbox 232 4081 1179 4146; baseline 0.002 -12"><span class='ocrx_word' id='word_1_246' title='bbox 232 4090 269 4139; x_wconf 87' lang='lat' dir='ltr'>D.</span> <span class='ocrx_word' id='word_1_247' title='bbox 281 4089 309 4136; x_wconf 91' lang='lat' dir='ltr'>ii.</span> <span class='ocrx_word' id='word_1_248' title='bbox 612 4136 614 4141; x_wconf 52' lang='grc'>,</span> <span class='ocrx_word' id='word_1_249' title='bbox 717 4081 792 4130; x_wconf 89' lang='lat' dir='ltr'><strong>MSS.</strong></span> <span class='ocrx_word' id='word_1_250' title='bbox 804 4082 1054 4146; x_wconf 83' lang='lat' dir='ltr'>Goll.Magd.,Cott.</span> <span class='ocrx_word' id='word_1_251' title='bbox 1063 4086 1132 4134; x_wconf 92' lang='lat' dir='ltr'>Nero</span> <span class='ocrx_word' id='word_1_252' title='bbox 1143 4087 1179 4137; x_wconf 88' lang='lat' dir='ltr'>D.</span> 
     </span>
     <span class='ocr_line' id='line_1_38' title="bbox 264 4151 1180 4217; baseline 0 -13"><span class='ocrx_word' id='word_1_253' title='bbox 264 4155 275 4187; x_wconf 78' lang='lat'>²</span> <span class='ocrx_word' id='word_1_254' title='bbox 291 4154 423 4204; x_wconf 84' lang='lat' dir='ltr'>Amended</span> <span class='ocrx_word' id='word_1_255' title='bbox 434 4153 497 4200; x_wconf 87' lang='lat' dir='ltr'>from</span> <span class='ocrx_word' id='word_1_256' title='bbox 507 4151 690 4213; x_wconf 82' lang='lat' dir='ltr'>Walsingham,</span> <span class='ocrx_word' id='word_1_257' title='bbox 716 4152 754 4212; x_wconf 76' lang='lat' dir='ltr'>it,</span> <span class='ocrx_word' id='word_1_258' title='bbox 765 4152 815 4199; x_wconf 83' lang='lat' dir='ltr'>and</span> <span class='ocrx_word' id='word_1_259' title='bbox 827 4151 893 4202; x_wconf 85' lang='lat' dir='ltr'>Coll.</span> <span class='ocrx_word' id='word_1_260' title='bbox 904 4153 974 4202; x_wconf 86' lang='lat' dir='ltr'>Trin.</span> <span class='ocrx_word' id='word_1_261' title='bbox 987 4154 1018 4202; x_wconf 91' lang='lat' dir='ltr'>R.</span> <span class='ocrx_word' id='word_1_262' title='bbox 1031 4158 1055 4215; x_wconf 79' lang='grc' dir='ltr'>ὅ,</span> <span class='ocrx_word' id='word_1_263' title='bbox 1068 4159 1107 4217; x_wconf 87' lang='lat' dir='ltr'>lo,</span> <span class='ocrx_word' id='word_1_264' title='bbox 1118 4157 1180 4205; x_wconf 90' lang='lat' dir='ltr'>read</span> 
     </span>
     <span class='ocr_line' id='line_1_39' title="bbox 229 4221 883 4288; baseline -0.009 -12"><span class='ocrx_word' id='word_1_265' title='bbox 229 4227 309 4288; x_wconf 83' lang='lat' dir='ltr'>‘sed,’</span> <span class='ocrx_word' id='word_1_266' title='bbox 327 4225 402 4272; x_wconf 86' lang='lat' dir='ltr'>MSS.</span> <span class='ocrx_word' id='word_1_267' title='bbox 421 4222 487 4272; x_wconf 85' lang='lat' dir='ltr'>Coll.</span> <span class='ocrx_word' id='word_1_268' title='bbox 506 4221 605 4282; x_wconf 65' lang='lat' dir='ltr'>Mcgd„</span> <span class='ocrx_word' id='word_1_269' title='bbox 624 4221 690 4270; x_wconf 88' lang='lat' dir='ltr'>Cott.</span> <span class='ocrx_word' id='word_1_270' title='bbox 716 4221 883 4270; x_wconf 74' lang='lat' dir='ltr'>‘attendens’</span> 
     </span>
    </p>
   </div>
   <div class='ocr_carea' id='block_1_4' title="bbox 0 0 1576 4988">
    <p class='ocr_par' dir='ltr' id='par_1_4' title="bbox 0 0 1576 4988">
     <span class='ocr_line' id='line_1_40' title="bbox 0 0 1576 4988; baseline 0 0"><span class='ocrx_word' id='word_1_271' title='bbox 0 0 1576 4988; x_wconf 95' lang='lat' dir='ltr'> </span> 
     </span>
    </p>
   </div>
  </div>
 </body>
</html>
