3178 4992
423 480 594 528 wnurnnr
618 481 666 528 nn
689 482 974 532 unuiuenunerr.
1103 469 1167 533 159

214 638 415 715 debeamus,
442 638 557 702 indica
581 639 715 703 nobisl’
761 639 946 704 Exercitus
971 641 1061 703 enirn
1078 641 1170 721 regis
1204 659 1254 699 re
1256 660 1322 700 nr.

218 737 375 802 Franciae
392 757 460 802 non
479 739 633 802 distabat
651 739 706 802 ab
705 739 764 802 eis
779 739 845 802 nisi
867 759 929 821 per
947 738 1034 802 duas
1051 740 1169 804 leucas
1185 709 1331 773 Q

215 837 381 902 modicas
434 837 569 901 Videns
583 846 698 901 autern
717 858 832 902 comes
848 839 960 920 ipsum
977 840 1170 920 respective

217 937 373 1000 viribus
363 955 544 1019 imparem,
558 957 600 1001 eo
615 936 707 1019 quod
727 938 903 1003 exercitus
918 938 1076 1002 Franciae
1094 958 1172 1020 per-

218 1036 359 1118 grandis
376 1035 490 1099 fuerat
505 1042 541 1100 et
557 1037 757 1112 immensuS,
775 1037 826 1100 ait
847 1036 909 1113 illi,
928 1043 950 1072 “
963 1037 1111 1101 Domine
1126 1037 1173 1100 mi

218 1155 295 1212 rex,
312 1154 382 1200 non
399 1153 584 1218 possumus
606 1135 643 1198 in
666 1137 831 1217 praesenti
856 1155 901 1199 ex
927 1138 1075 1218 abrupto
1092 1156 1172 1219 pro-

220 1233 353 1311 cedere,
387 1253 428 1298 eo
460 1234 552 1316 quod
582 1235 667 1298 estis
700 1233 818 1298 labore
848 1235 1010 1318 fatigati3
1035 1236 1096 1299 sed
1119 1244 1174 1299 est

219 1333 304 1396 mihi
319 1334 442 1398 civitas
458 1334 557 1397 fortis
572 1340 608 1398 et
622 1335 710 1397 bene
725 1335 869 1410 munita,
885 1334 1016 1398 scilicet
1032 1334 1174 1412 Gawnt,

221 1432 265 1495 ad
299 1451 404 1515 quam
449 1432 697 1497 declinabimus
735 1434 779 1497 ad
812 1440 960 1516 tempus,
992 1453 1174 1517 quousque

221 1532 326 1595 robur
340 1540 495 1597 vestrum
523 1538 559 1596 et
582 1531 761 1613 negotium
785 1533 907 1596 melius
930 1553 994 1614 pro
1017 1541 1099 1598 voto
1116 1553 1173 1598 or-

221 1629 395 1696 dinetur.''
461 1632 507 1696 Et
532 1631 709 1713 adquievit
734 1632 766 1694 ei
792 1651 865 1710 rex,
887 1640 923 1697 et
946 1633 1112 1714 praecepit
1134 1641 1175 1698 ut

106 1819 108 1826 y
224 1731 337 1796 exitus
363 1731 499 1794 viarum
531 1739 567 1794 et
602 1731 780 1795 introitum
819 1739 921 1796 terrae
950 1734 1175 1797 observarent

224 1831 414 1912 pedestres,
433 1849 473 1894 eo
489 1831 581 1913 quod
604 1830 651 1894 ibi
677 1835 759 1894 sunt
782 1830 914 1894 fossata
929 1832 1051 1908 multa,
1067 1832 1175 1896 donec

223 1930 290 1994 iter
313 1931 488 2012 inceptum
513 1937 633 2010 ageret
656 1929 700 1992 ad
724 1930 868 1993 eandem
890 1930 1076 1994 civitatem.
1128 1931 1175 1995 Et

222 2029 308 2111 quia
345 2031 439 2094 cives
470 2031 682 2110 BurgenseS,
714 2029 806 2093 sicut
837 2037 873 2094 et
904 2029 997 2093 cives
1029 2030 1175 2093 aliarum

226 2129 419 2206 civitatum,
436 2129 568 2193 scilicet
584 2129 732 2210 Doway,
751 2128 845 2210 Ipre,
861 2128 1041 2193 Gawntet
1056 2129 1176 2194 Sancti

227 2227 404 2305 Odomari,
426 2228 531 2311 paulo
547 2235 629 2292 ante
653 2247 691 2292 se
717 2227 884 2292 dederant
907 2229 982 2309 regi
1006 2229 1175 2307 Franciaa,

226 2347 305 2390 cum
335 2328 548 2393 defensorem
577 2347 645 2391 non
682 2327 849 2391 baberent
881 2347 992 2410 neque
1023 2347 1177 2410 propug-

226 2434 393 2504 natorem,
404 2427 511 2512 jussit
525 2447 586 2491 rex
603 2445 646 2493 ne
669 2426 756 2491 alias
780 2427 870 2491 sorte
893 2434 1120 2503 mutarentur,
1137 2436 1176 2493 ut

227 2533 263 2590 et
291 2526 492 2594 fidelitatem
525 2527 592 2590 sibi
614 2526 775 2610 jurarent
806 2534 841 2590 et
873 2527 1010 2592 obsides
1042 2527 1176 2592 darent.

229 2625 308 2703 Quo
333 2626 439 2704 facto,
465 2627 636 2708 processit
660 2627 696 2689 in
723 2627 780 2691 via
804 2645 869 2690 sua
891 2645 1011 2690 versus
1035 2626 1177 2705 Gawnt,

230 2725 492 2807 respicientibus
513 2725 549 2788 in
566 2745 643 2791 eum
662 2725 819 2803 FranciS,
834 2725 894 2789 sed
910 2746 979 2789 nou
995 2726 1178 2808 prohibere

228 2823 445 2905 valentibus3
474 2826 643 2889 timebant
666 2825 756 2888 enim
780 2824 958 2906 pedestres
986 2825 1079 2906 regis
1102 2825 1175 2889 An·
1204 2861 1207 2864 ·

227 2922 322 3002 gliae,
337 2943 378 2987 eo
394 2924 486 3005 quod
507 2931 608 2988 eraut
630 2941 675 2987 ex
697 2924 748 2987 eis
771 2924 945 3004 sagittarii
960 2924 1080 3003 multi,
1106 2945 1178 2988 mo·

227 3029 424 3104 veruntque
472 3029 589 3086 castra
628 3040 693 3086 sua
726 3040 837 3102 usque
880 3021 1060 3104 Corteray,
1096 3041 1175 3105 quae

228 3118 335 3184 distat
352 3138 374 3184 a
390 3119 519 3184 Gawnt
535 3139 597 3202 per
618 3127 698 3184 octo
720 3120 849 3184 leucas.
903 3121 1036 3184 Mansit
1058 3122 1216 3234 itaquogp
1188 3135 1301 3224 ιιὴιιιιιι

227 3238 291 3282 rex
319 3225 437 3284 noster
464 3219 556 3302 apud
584 3218 715 3283 Gawnt
740 3238 802 3300 per
830 3218 903 3282 dies
930 3219 1110 3301 plurimos,
1141 3195 1262 3285 etsie
1188 3185 1305 3324 efflue
1273 3237 1314 3274 ιιιι

227 3318 405 3399 pedestres
437 3320 492 3382 sui
519 3319 718 3401 frequenter
751 3319 902 3400 agebant
928 3319 1063 3433 praedas
1099 3321 1177 3402 plu-

227 3417 344 3496 rimas,
369 3419 460 3483 inter
483 3437 571 3502 quas
596 3418 715 3482 villam
742 3418 785 3482 de
813 3418 947 3501 Dampe
974 3419 1024 3482 sic
1048 3419 1176 3484 dictam
1188 3434 1234 3472 ιι
1243 3437 1300 3472 ι
1310 3432 1337 3472 or

228 3517 465 3599 spoliaverunt
496 3519 595 3582 bonis
620 3518 750 3594 multis,
778 3523 814 3581 et
836 3520 1085 3599 peremerunt
1076 3540 1112 3583 1n
1135 3484 1288 3585 εαιιιιιιιῗῖ·

228 3616 412 3700 plusquam
433 3618 601 3684 ducentos
626 3618 719 3682 viros
751 3617 891 3695 electos,
916 3619 975 3700 qui
1004 3637 1041 3682 se
1067 3621 1177 3702 primo

227 3714 395 3780 dederunt
425 3719 499 3798 regi
535 3725 655 3782 nostro
686 3717 722 3781 in
753 3717 865 3799 primo
901 3719 1055 3782 adventu
1092 3737 1175 3783 suo:

228 3814 321 3895 quod
351 3815 490 3896 quidem
522 3816 653 3883 factum
686 3816 833 3881 multum
862 3817 1040 3899 displicuit
1068 3819 1112 3894 ei,
1142 3825 1178 3882 et

227 3913 396 3994 quosdam
412 3915 518 3999 hujus
540 3916 680 3980 sceleris
707 3923 868 3981 auctores
885 3915 994 3998 jussit
1016 3916 1053 3979 in
1080 3917 1178 3980 furca

226 4013 402 4095 suspendi.
1118 4037 1122 4043 ¹
1158 4036 1176 4044 ·”
