3178 4992
416 476 587 526 weuram
613 477 659 526 un
681 478 966 530 unuruenuaou.
993 468 995 473 ’
1098 466 1164 532 127

211 632 279 711 hic,
294 635 356 700 sed
370 634 515 700 inferius
533 636 569 699 in
584 634 662 702 loco
680 657 756 703 suo.
804 636 957 704 Comites
976 659 1059 704 vero
1074 659 1166 721 pree·
1188 657 1280 696 novur
1292 656 1313 745 p

211 733 295 798 dicti
311 754 389 799 cum
407 736 614 819 quibusdam
636 738 823 802 baronibus
842 739 1066 822 complicibus
1089 741 1162 805 suis
1179 707 1331 775 Q

211 836 342 900 reversi
365 843 448 902 sunt
472 835 681 914 Londonias,
709 838 930 920 prohibentes
955 840 1162 905 cancellario

212 936 304 1017 regis
327 942 362 1000 et
386 936 575 1001 baronibus
604 939 770 1002 scaccarii
796 959 840 1003 ne
866 947 1030 1005 octavum
1057 939 1162 1004 dena·

212 1035 303 1098 rium
318 1055 421 1118 quem
436 1055 498 1100 rex
520 1037 715 1119 expetierat
738 1057 759 1102 a
774 1040 917 1122 populo,
934 1039 990 1105 vel
1004 1039 1162 1122 quintum

214 1153 236 1198 a
257 1135 362 1212 clero,
384 1155 445 1200 seu
463 1135 615 1219 aliquam
640 1139 860 1203 vexationem
883 1146 1088 1221 expeterent
1107 1139 1164 1204 vel

214 1234 372 1300 levarent
391 1237 646 1318 quoquomodo.
699 1237 930 1320 Rogaverunt
949 1240 1053 1303 etiam
1070 1239 1164 1304 Lon·

214 1332 408 1412 denienses,
432 1343 598 1417 tanquam
624 1337 755 1402 amicos
781 1345 817 1402 et
841 1337 1046 1452 cqnfratres,
1066 1347 1107 1403 ut
1128 1338 1165 1402 in

215 1436 420 1517 expetendis
442 1435 660 1501 libertatibus
685 1436 828 1519 Magnae
852 1437 969 1505 Carta>
991 1439 1041 1504 eis
1058 1439 1164 1502 assis-

217 1541 289 1598 tere
309 1535 452 1614 vellent,
473 1543 508 1602 et
527 1555 646 1600 curam
667 1537 830 1602 adhibere
854 1537 989 1602 fidelem
1006 1538 1056 1603 ita
1071 1538 1165 1621 quod

211 1633 295 1718 jura
323 1636 459 1718 perdita
490 1655 695 1720 recuperare
717 1639 870 1719 ¹possent
899 1648 936 1702 et
961 1645 1167 1720 recuperata

215 1735 324 1814 tueri3
348 1744 384 1799 et
400 1737 582 1819 nerapina
597 1736 654 1800 vel
676 1739 872 1802 extortione
887 1737 1009 1802 illicita
1024 1746 1166 1820 possent

217 1835 317 1916 argui
331 1836 367 1898 iu
385 1843 575 1918 posterum,
592 1836 749 1919 praedicti
764 1837 909 1902 comites
926 1837 1061 1919 publice
1085 1857 1165 1919 pre·

216 1933 358 1999 clamari
372 1935 528 2001 lecerunt
544 1955 587 2000 ne
601 1955 742 2000 suornm
759 1938 942 2020 quisquam
957 1956 1029 2002 rem
1045 1956 1165 2018 quam-

216 2052 351 2118 cunque
372 2036 543 2100 modicam
560 2044 738 2119 capereto
754 2056 973 2120 quocunque,
991 2035 1057 2100 nisi
1067 2035 1166 2119 justo

217 2133 300 2199 dato
315 2135 439 2218 pretio,
455 2143 490 2200 et
511 2136 577 2200 hoc
592 2137 656 2200 sub
673 2156 780 2219 poena
801 2136 1028 2201 mutilationis
1043 2155 1167 2201 manus

217 2233 363 2312 dextrae,
389 2236 445 2299 vel
473 2236 578 2301 etiam
607 2236 732 2320 capitis
760 2237 791 2300 si
821 2237 925 2320 culpa
949 2244 1166 2317 exposceret.

219 2333 433 2418 Reversique
455 2343 537 2400 sunt
557 2336 594 2398 in
611 2343 722 2400 terras
746 2355 840 2415 suas,
864 2336 1166 2400 nullimolestiam

216 2433 401 2501 inserentes
418 2445 480 2500 aut
495 2455 697 2519 gravamen.

279 2659 365 2722 Secti
377 2659 614 2724 insurrexerunt
627 2668 736 2724 contro
751 2659 872 2746 Bopcm,
887 2667 916 2724 ot
930 2681 988 2745 quo
1002 2658 1110 2724 Modo.
1246 2661 1261 2720 t

267 2834 392 2901 Mense
427 2835 533 2901 Maio·
558 2836 713 2920 ejusdem
746 2837 828 2899 anni
858 2855 944 2916 gens
984 2833 1166 2898 Scotorum
1181 2850 1292 2942 psqpsqr

215 2933 348 3015 perlida
369 2935 539 3000 rebellare
567 2935 675 3017 coepit
705 2934 771 2999 hoc
803 2934 917 2998 modo.
971 2932 1096 2996 Comes
1125 2912 1295 3016 defissgffm'⁸

216 3033 406 3111 Warenna,
436 3035 492 3098 cui
522 3053 586 3098 rex
616 3040 734 3099 noster
760 3052 878 3097 curam
907 3038 942 3097 et
972 3031 1167 3096 custodiam
1179 3026 1243 3068 ΓΜ·

216 3133 324 3197 totius
351 3134 451 3215 regni
478 3133 606 3197 Scotiae
627 3133 704 3196 vice
726 3152 790 3197 sua
812 3139 847 3195 et
868 3131 1005 3196 nomine
1027 3133 1167 3195 commi-

216 3239 322 3309 serat,
349 3235 606 3316 corruptionem
633 3233 723 3297 aeris
751 3250 912 3309 causans,
938 3230 1028 3294 dixit
1053 3249 1091 3294 se
1120 3230 1167 3294 ibi

217 3352 286 3397 nou
309 3353 412 3417 posse
436 3352 577 3396 manere
604 3351 682 3396 cum
708 3333 877 3411 sanitat03
909 3331 1105 3411 mansitque
1132 3331 1168 3393 in

218 3431 361 3516 Anglia,
378 3434 413 3498 in
436 3441 535 3517 parte
553 3441 669 3498 tamen
685 3431 868 3514 aquilonis,
887 3439 922 3495 et
945 3430 1063 3495 hostes
1080 3450 1168 3495 exu-

217 3532 330 3598 lantes
359 3534 511 3616 segniter
536 3543 741 3616 prosecutus
768 3538 833 3610 est,
856 3529 950 3615 quod
978 3530 1044 3594 fuit
1067 3530 1167 3595 nobis

218 3633 253 3696 in
278 3640 453 3716 posterum
479 3634 557 3698 sons
584 3640 619 3698 et
648 3632 747 3714 origo
775 3631 867 3696 mali.
913 3629 1168 3695 Thesaurarius

219 3733 322 3797 etiam
353 3735 446 3816 regis
485 3733 645 3798 domiuus
680 3731 791 3813 Hugo
829 3731 872 3795 de
910 3729 1168 3812 Cressingham,

219 3832 322 3897 homo
348 3853 536 3917 pomposus
564 3841 600 3897 et
624 3833 749 3909 elatus,
767 3831 880 3895 'valde
907 3831 1089 3913 pecuniam
1115 3830 1190 3892 di·.

218 3933 316 4010 lexit,
348 3942 384 3997 et
415 3953 552 3997 murum
578 3931 753 4014 lapideum
780 3950 882 4012 quem
907 3929 982 4012 ipse
1008 3927 1168 3993 dominus

219 4052 408 4116 rexsuper
431 4053 559 4098 novum
583 4032 751 4096 fossatum
777 4030 871 4112 apud
894 4027 1066 4111 Berewyk
1089 4047 1168 4090 con·

219 4134 307 4197 strui
336 4139 551 4217 praeceperat
581 4151 650 4195 non
679 4129 886 4206 construxit,
918 4127 1010 4209 quod
1038 4126 1166 4192 nostris

219 4234 335 4298 evenit
354 4235 390 4298 in
413 4232 625 4308 scandalum,
642 4237 681 4294 ut
699 4230 834 4313 patebit
856 4227 1013 4294 inferius.
1059 4227 1082 4292 J
1085 4227 1169 4292 usti·
