3144 4990
399 467 467 543 {1024
761 481 977 572 'cuaomcou

240 654 521 716 summosses
542 649 681 726 fiducia,
696 648 791 729 quod
808 639 925 712 restra
948 645 1162 710 maturitas'
1152 664 1188 709 ιιι
1210 647 1354 728 'specula

403 749 615 816 celsitudinis
644 746 859 830 apostolicae,
884 745 1116 830 praeclaritate
1146 745 1352 808 meritorum

251 715 377 756 Amul.

240 795 384 886 &3¹2⁶ss
325 847 441 935 ⁰²¹¹,et
465 849 619 913 scientiae
637 847 842 910 divinitus
828 865 904 931 Jam
928 851 1056 921 erecta,
1074 863 1117 907 ea
1141 863 1221 926 quae
1245 844 1352 908 decus

241 895 383 986 Μὴ.
405 948 559 1012 ecclesiae
581 954 617 1010 et
639 946 855 1010 devotionem
877 944 988 1027 plebis
1005 949 1202 1018 attenuant,
1217 960 1259 1005 ac
1276 943 1353 1006 ani-

404 1066 537 1111 marum
556 1055 593 1110 ot
615 1064 730 1108 rerum
745 1042 908 1126 pericula
933 1042 1200 1115 comminantur,
1216 1041 1353 1105 curabit

403 1144 668 1210 misericorditer
696 1141 891 1206 reformare.
956 1140 999 1204 Iu
1029 1140 1203 1222 publicam
1230 1148 1351 1204 ‘antem

403 1264 474 1308 non
489 1243 696 1324 ambigimus
719 1243 880 1306 notitiam
899 1240 1112 1322 pervenisse,
1134 1237 1285 1320 qualiter
1306 1239 1351 1302 ab

404 1343 548 1408 exordio
559 1340 733 1405 nascende
744 1339 941 1404 ecclesiaein
953 1357 1059 1419 regno
1070 1346 1188 1402 nostro
1198 1337 1349 1418 Angliae‚

405 1441 664 1523 progenitorum
687 1448 884 1503 nostrorum
908 1457 1028 1519 regum
1044 1434 1195 1518 Angliae‚
1211 1443 1247 1499 et
1272 1429 1353 1519 pro-

406 1558 521 1603 cerum
548 1556 590 1601 ac
612 1524 763 1600 fidelium
787 1537 871 1601 dicti
896 1537 1007 1618 regni,
1030 1537 1132 1617 digne
1157 1535 1351 1612 recolenda,

405 1638 568 1719 prioritas
591 1644 732 1717 propter
754 1635 862 1699 divini
888 1635 1003 1699 cultus
1030 1641 1253 1715 augmentum
1267 1653 1351 1698 con-

404 1735 536 1799 struxit
550 1734 726 1811 ecclesias,
741 1742 776 1798 et
792 1723 888 1816 ipsas
905 1734 1054 1816 amplius
1068 1734 1203 1798 dotavit
1217 1753 1353 1815 posses-

407 1833 572 1907 sionibus,
600 1831 790 1914 privilegiis
819 1832 1055 1909 communivit,
1085 1840 1121 1896 et
1154 1851 1285 1914 ponens
1309 1833 1351 1895 'ih

407 1933 457 1996 eis
484 1932 657 1995 ministros
684 1931 835 2006 idoneos,
864 1931 924 2012 qui
953 1929 1054 1995 fidem
1081 1930 1287 1995 catholicam
1314 1931 1352 1994 iu

407 2029 573 2112 subjectis
595 2029 660 2093 sibi
681 2028 809 2110 linguis
837 2036 873 2093 et
897 2030 1035 2112 populis
1051 2021 1206 2093 vfideliter
1225 2048 1352 2112 propa-

407 2137 545 2211 garunt,
577 2147 639 2209 per
675 2147 820 2209 quorum
860 2147 978 2192 curam
1020 2135 1055 2193 et
1084 2128 1351 2192 sollicitudinem

406 2228 510 2291 vinea
524 2226 666 2292 Domini
683 2225 837 2291 Sabaoth
854 2226 890 2290 iu
914 2227 1011 2290 cultu
1033 2235 1069 2290 et
1089 2227 1202 2291 fructu
1224 2227 1352 2290 ibidem

407 2325 549 2391 mirifice
588 2325 810 2400 fecundavit3
848 2326 908 2390 sed
944 2324 1036 2408 quod
1072 2325 1255 2390 dolendum
1287 2335 1351 2401 est,

406 2426 516 2508 ipsius
554 2424 663 2488 vineae
699 2425 906 2506 propagines
939 2425 1194 2508 degenerantur
1227 2426 1264 2488 in
1301 2425 1353 2488 la·

406 2525 562 2600 bruscas,
595 2530 631 2586 et
660 2523 892 2586 exterminant
923 2523 1020 2587 illam
1056 2524 1133 2607 apri
1169 2524 1212 2587 de
1249 2523 1352 2600 silva,

407 2621 668 2702 singularesque
695 2619 777 2684 ferae
801 2620 992 2702 depascunt
1021 2641 1110 2699 eam,
1135 2622 1217 2685 dum
1240 2624 1351 2706 impo-

407 2707 550 2784 sitiones
589 2727 624 2782 et
654 2719 871 2800 provisiones
899 2721 990 2784 sedis
1028 2721 1241 2803 apostolicae,
1272 2721 1351 2803 quae

407 2818 510 2882 solito
528 2817 669 2900 gravius
684 2817 911 2896 invalescunt,
924 2820 1032 2901 ipsius
1042 2820 1216 2902 peculium
1232 2827 1352 2884 contra

407 2917 500 2999 piam
534 2907 751 2981 voluntatem
786 2925 822 2980 et
856 2917 1106 2983 ordinationem
1144 2918 1350 2983 donatorum

407 3035 530 3080 manus
555 3022 727 3098 occupant
752 3015 983 3096 indignorum,
1013 3024 1048 3080 et
1075 3020 1266 3098 praesertim
1293 3037 1353 3081 ex·

407 3121 572 3191 tororum,
598 3123 633 3179 et
653 3114 729 3195 ejus
749 3114 936 3194 dignitates
960 3122 996 3178 et
1021 3115 1187 3179 beneficia
1207 3117 1352 3198 pinguia

407 3214 562 3294 personis
579 3212 811 3278 conferuntur
818 3212 966 3293 indignis
985 3233 1027 3280 ac
1048 3213 1261 3296 alienigenis,
1279 3215 1352 3296 ple·

407 3330 551 3395 rumque
566 3312 665 3375 uobis
679 3312 860 3402 suspectis,
876 3312 937 3392 qui
951 3332 1021 3376 non
1036 3313 1211 3376 resident
1200 3332 1236 3375 ru
1250 3313 1352 3377 dictis

407 3409 590 3502 beneficiis,
618 3417 655 3473 et
684 3397 801 3475 vultus
829 3403 1101 3475 commissorum
1118 3412 1168 3475 eis
1190 3431 1352 3509 pecorum

407 3527 477 3571 ιιοιι
508 3517 715 3612 agnoscunt,
758 3507 914 3588 linguam
952 3528 1020 3572 non
1049 3509 1261 3591 intelligunt,
1290 3510 1351 3574 sed

407 3606 605 3673 animarum
616 3623 699 3668 cura
715 3605 886 3687 neglecta,
899 3607 996 3670 velut
1011 3609 1211 3672 mercenarii
1202 3609 1352 3674 solum·

407 3703 510 3768 modo
542 3703 746 3785 temporalia
775 3704 872 3768 lucra
900 3713 1073 3787 quaerunt,
1107 3716 1143 3771 et
1171 3707 1222 3770 sic
1251 3708 1352 3772 dimi-

407 3791 671 3892 unitur'Ghristi
690 3803 815 3878 cultus,
829 3802 1021 3870 animarum
1045 3824 1129 3869 cura
1153 3806 1351 3888 negligitur,

407 3900 625 3966 subtrahitur
655 3900 886 3985 hospitalitas,
913 3903 1137 3968 ecclesiarum
1174 3904 1258 3987 jura
1293 3905 1351 3969 de-

407 4009 564 4081 pereunt,
617 4007 722 4066 ruunt
769 3993 916 4065 aedificia
960 3995 1175 4079 clericorum,
1211 3995 1351 4088 'attenu-

405 4107 487 4163 atur
515 4098 654 4163 devotio
696 4098 827 4180 populi,
864 4099 979 4163 clerici
1014 4100 1100 4166 dicti
1141 4102 1250 4182 regni,
1287 4101 1353 4166 viri

406 4216 541 4268 magnae
585 4197 774 4262 literaturae
803 4189 838 4260 et
881 4200 1153 4264 conversationis
1183 4199 1352 4277 honestae,
1556 4239 1557 4290 ,
