3166 4992
378 459 382 472 ’
437 497 608 548 weuram
633 499 680 547 na
703 499 987 552 naurnceuaau.
1121 487 1186 553 237

233 659 277 723 ad
295 677 384 742 opus
406 665 563 722 nostrum
585 658 684 722 salvo
712 659 879 724 custodiri
905 660 1054 738 faciatis,
1076 659 1187 725 donec
1211 673 1333 767 {⁶3¹5}ss

233 759 327 823 aliud
357 757 437 823 inde
468 758 567 821 vobis
600 758 875 841 praeceperimus.
937 759 1186 825 Mandavimus
1199 752 1286 847 ὦ
1330 749 1338 820 f

232 859 322 923 enim
345 856 536 951 vicecomiti
557 864 676 921 uostro
701 859 887 923 comitatus
909 860 1066 943 praedicti
1093 861 1186 942 quod
1199 857 1330 898 mmm·

232 958 276 1022 ad
305 966 419 1021 certos
450 956 540 1019 diem
573 963 608 1019 et
637 957 766 1033 locum,
798 976 886 1041 quos
914 977 978 1023 vos
1004 960 1186 1041 providere

232 1055 413 1132 duxeritis,
431 1055 549 1118 venire
568 1055 673 1120 saciat
693 1075 809 1119 coram
830 1056 930 1121 vobis
950 1064 1004 1122 tot
1026 1062 1062 1122 et
1084 1057 1185 1136 tales,

233 1163 305 1220 tam
320 1155 446 1219 milites
462 1171 567 1234 quam
588 1154 685 1228 alios,
701 1173 789 1235 quos
812 1154 938 1221 habere
960 1156 1184 1222 decreveritis

233 1254 276 1319 de
291 1254 459 1319 comitatu
474 1252 546 1328 illo,
563 1259 633 1316 tam
650 1251 741 1316 iufra
755 1253 933 1318 libertates
950 1274 1053 1337 quarn
1069 1264 1185 1334 extra,

233 1373 295 1436 per
311 1371 399 1435 quos
420 1351 498 1434 ipsa
517 1350 645 1415 veritas
671 1351 794 1415 melius
820 1353 900 1416 sciri
922 1355 1051 1436 poterit
1074 1361 1109 1418 et
1131 1347 1186 1418 in'·

234 1453 347 1536 quiri3
372 1459 407 1516 et
430 1447 523 1534 quod
545 1468 665 1514 omnes
687 1449 767 1514 illos
791 1469 881 1533 quos
903 1472 966 1535 per
990 1452 1185 1534 inquisitio-

235 1573 313 1616 nem
332 1551 428 1615 illam
450 1548 640 1631 culpabiles
658 1549 803 1613 inveniri
826 1551 1025 1633 eontigerit,
1046 1555 1081 1626 et
1099 1571 1187 1633 quos

236 1670 299 1716 vos
332 1649 365 1715 ei
390 1649 440 1714 sic
463 1647 693 1713 liberaveritis
718 1668 740 1712 a
771 1649 868 1712 vobis
893 1649 1121 1733 ‘recipiat;’¹
1152 1659 1189 1715 et

236 1769 382 1834 quorum
410 1747 552 1811 nomina
589 1748 621 1810 ei
654 1747 742 1811 scire
770 1747 977 1825 ‘facietis‚'²
1007 1757 1187 1832 assumpto

236 1870 353 1914 secum
376 1845 560 1911 sufficienti
581 1864 683 1928 posse
706 1846 892 1910 comitatus
914 1847 1084 1929 praedicti,
1112 1849 1187 1912 sine

235 1949 401 2012 dilatione
421 1945 587 2010 ‘arrestari
605 1953 639 2009 et
659 1943 695 2007 in
721 1945 862 2028 prisona
886 1955 1008 2011 nostra
1030 1945 1129 2011 salvo
1151 1955 1188 2012 et

236 2067 356 2112 secure
386 2044 559 2110 custodire
590 2043 696 2110 faciat
724 2045 759 2108 iu
793 2043 903 2108 forma
933 2043 1120 2126 praedicta3
1152 2055 1188 2112 et

237 2143 477 2212 communitati
507 2142 590 2208 dicti
619 2142 816 2219 comitatus,
850 2144 942 2225 quod
971 2143 1074 2207 simul
1108 2161 1187 2208 cum

237 2245 439 2310 vicecomite
460 2241 752 2326 praedictovobis,
769 2241 1076 2325 quotienscumque
1097 2262 1186 2326 opus

237 2345 354 2421 fuerit,
371 2345 407 2408 in
433 2341 620 2425 praemissis
646 2349 777 2422 pareat,
796 2341 938 2406 assistat
960 2349 995 2406 et
1015 2341 1187 2420 intendat,

237 2451 342 2527 prout
359 2442 409 2507 eis
431 2439 619 2527 injungetis
645 2459 691 2504 ex
710 2447 810 2524 parte
833 2446 962 2506 nostra.
1017 2440 1061 2505 ln
1086 2441 1186 2524 cujus

238 2545 286 2610 rei
302 2541 551 2618 testimonium,
568 2538 657 2606 etc.”

321 2765 466 2832 Articuli
479 2737 711 2850 inquirandidc
729 2767 808 2851 ipsis
824 2765 1110 2850 Malosactoaibaa.³

291 2941 358 3006 Fet
374 2959 397 3004 a
411 2940 618 3004 remembrer
628 2939 670 3002 de
683 2958 765 3004 ceus
779 2957 853 3020 qea
866 2938 960 3002 force
976 2944 1018 3002 ‘e
1033 2931 1066 2966 '⁴
1079 2958 1102 3003 a
1119 2946 1189 3003 tort

239 3047 427 3106 encountre
459 3038 495 3102 la
524 3057 586 3120 pes
618 3044 737 3101 nostre
770 3056 924 3118 seygnur
955 3037 987 3100 le
1013 3058 1076 3119 roy
1107 3045 1189 3101 suut

240 3147 355 3204 entres
370 3158 413 3201 en
425 3144 528 3219 autry
541 3145 691 3211 terres,e
706 3144 815 3216 quant
829 3135 865 3218 yl
876 3155 919 3198 ne
930 3142 1042 3216 pount
1052 3135 1106 3200 lur
1119 3142 1190 3200 tort

242 3235 321 3304 ‘e'⁵
334 3238 390 3301 lur
401 3236 493 3301 force
504 3245 704 3318 meyutener
717 3240 904 3298 encountre
916 3253 1020 3298 cecus
1032 3253 1075 3318 qe
1087 3241 1190 3298 scunt

239 3323 1190 3418 versewsparlalay,baylleutcmetteut‘lour’⁶terres

241 3458 260 3501 e
283 3438 334 3501 les
356 3443 531 3500 tenemens
552 3440 752 3498 torcenuses
781 3439 879 3496 entre
904 3433 955 3496 les
980 3451 1103 3514 mayns
1129 3432 1190 3496 des

231 3555 371 3618 ¹graunz
396 3553 580 3617 seygnurs,
600 3553 666 3616 pur
686 3531 867 3596 continues
891 3550 954 3614 par
974 3530 1066 3594 soree
1091 3549 1191 3613 epar

275 3827 284 3859 ¹
309 3825 501 3887 ‘recipienda’
530 3822 606 3872 Mes,
636 3821 702 3870 Coll.
727 3818 1192 3880 uniemurGalliaaruutseriptass'

238 3899 309 3948 Trin.
321 3896 371 3945 and
383 3894 477 3943 Lensd.
728 3890 839 3950 Aepy,
849 3886 976 3948 however,
986 3887 1010 3935 is
1020 3889 1155 3948 preserved
1164 3889 1191 3935 in

274 3965 286 4009 ²
301 3964 435 4023 ‘iacietis'
446 3963 505 4012 MS.
516 3960 610 4010 Lansd.
728 3958 770 4006 the
792 3956 928 4018 Abingdon
947 3955 1092 4018 coronide,
1106 3956 1191 4006 which

275 4037 285 4067 ³
300 4035 354 4084 The
364 4033 495 4093 following
511 4029 631 4090 Articles,
642 4042 701 4088 sup·
728 4027 775 4076 has
786 4027 850 4074 been
861 4025 1000 4074 ccusulted.

240 4107 311 4170 plied
333 4105 396 4156 from
413 4101 471 4150 MS.
490 4098 644 4157 Lansdown,
660 4110 703 4144 are
763 4093 773 4123 ⁴
790 4093 916 4155 supplied
931 4093 995 4142 from
1007 4093 1065 4143 MS.
1077 4094 1172 4156 Abing.

241 4175 346 4226 omitted
365 4173 391 4220 in
407 4171 450 4220 the
466 4169 538 4218 other
553 4167 629 4215 MSS.
641 4165 703 4213 with
763 4158 854 4225 “ue‚‘
867 4162 924 4212 Ms.
936 4163 971 4214 Α.

241 4246 284 4298 the
301 4243 431 4303 following
452 4244 519 4299 note,
542 4237 639 4290 “Quae
662 4235 703 4283 hic
763 4231 861 4295 “les‚'
872 4232 930 4282 MS.
942 4232 976 4282 A.
