3144 4990
412 463 480 540 384
781 477 992 528 curorucou

250 653 313 743 Ἠ
328 654 400 743 papi.
413 635 512 718 quod
525 635 696 699 dictorum
719 633 969 716 archiepiscopi
991 639 1029 706 et¹
1049 631 1255 705 officialium,
1269 634 1365 705 inso-

249 731 359 835 ffl'nss'ffi·
385 731 556 798 'lentiam
588 735 685 816 regia
713 735 940 798 mansuetudo
963 740 1062 804 tanto
1086 742 1240 815 tempore
1262 733 1364 800 relin-

248 835 324 876 Μ’·
336 838 400 877 ¹0²t⁰¹
413 853 518 917 quere
537 832 646 898 voluit
663 833 902 908 incorrectam,
919 838 998 895 sunt
1021 832 1159 913 publice
1179 832 1364 914 protestati

247 887 400 977 iffi&
413 932 518 1014 quod,
546 932 613 995 nisi
639 932 830 1014 superbiis
861 931 1052 996 faceremus
1085 950 1275 1012 congruum
1307 951 1361 994 re-

413 1031 562 1094 medium
598 1030 756 1095 celeriter
791 1029 958 1105 adhiberi,
993 1037 1171 1111 oporteret
1217 1049 1285 1096 eos⁶
1317 1030 1361 1093 de

413 1130 541 1206 nostris
566 1130 743 1211 obsequiis
765 1149 803 1192 se
825 1129 1039 1204 subtrahere,
1060 1135 1095 1192 ct
1120 1129 1166 1199 ab
1184 1128 1273 1198 inito
1294 1127 1362 1192 soe·.

412 1228 494 1304 dere
509 1229 666 1305 retroire,
684 1236 721 1292 et
736 1226 801 1294 hcc
819 1228 939 1309 utique
956 1228 991 1290 in
1007 1227 1104 1307 regni
1127 1227 1265 1298 nostri‘
1279 1229 1360 1294 sub.-

412 1329 604 1404 versionem
618 1325 642 1360 ’¹
672 1334 707 1391 et
728 1335 882 1391 nostram
905 1333 1107 1408 perpetuam
1125 1325 1359 1406 ignominiam,

412 1434 448 1490 et
474 1424 847 1505 nationisAuglicanae
871 1426 1117 1506 sempiternum
1138 1425 1359 1506 opprobrium

412 1524 625 1598 redundare;
670 1525 763 1606 quod
803 1531 953 1588 avertatv
980 1523 1192 1604 temporibus
1232 1525 1358 1587 nostris

413 1622 671 1687 elementissimi
697 1623 813 1686 Patris
836 1621 1043 1704 benignitas,
1060 1622 1096 1684 in
1119 1622 1218 1706 cujus
1241 1622 1359 1689 solidi·

413 1729 486 1796 tate
513 1722 584 1786 lixa
608 1728 662 1786 est
689 1721 909 1785 immobiliter
935 1721 1087 1786 anchora
1116 1722 1192 1802 spei
1218 1729 1361 1786 nostrae.

414 1821 515 1885 Unde
549 1840 611 1884 nos
640 1819 684 1884 ad
713 1820 928 1903 disciplinam
956 1828 991 1882 et
1023 1819 1268 1892 correctionem
1295 1821 1359 1882 bu-

408 1919 570 2002 jusmodi,
598 1927 793 1984 nostrorum
837 1918 1034 1982 officialium
1078 1919 1202 1982 mentis
1250 1919 1361 1982 aciem

412 2019 615 2099 dirigentes
631 2017 799 2101 quosdam
823 2037 868 2081 ex
891 2018 941 2080 eis
964 2035 1051 2099 quos
1074 2037 1119 2080 ex
1142 2017 1256 2080 causis
1279 2037 1366 2098 pror.

412 2118 583 2181 habilibus
606 2118 648 2181 de
671 2116 764 2181 mala
786 2116 1096 2192 administratione,
1115 2115 1262 2198 justitiae
1277 2118 1367 2180 sub-.

414 2218 583 2291 versione,
602 2235 642 2279 ac
666 2217 879 2280 subditorum
906 2224 1102 2279 nostrorum
1124 2216 1359 2297 oppressione,

413 2324 634 2398 acceptorum
683 2333 872 2388 munerum¹
908 2313 1140 2395 corruptione,
1192 2333 1234 2377 ao
1281 2315 1359 2378 aliis

413 2413 552 2478 offensis
588 2414 765 2495 gravibus,
792 2421 971 2494 suspectos
1009 2412 1204 2490 babuimus,
1230 2432 1258 2482 a¹
1287 2415 1370 2482 suis,

414 2513 559 2588 lecimus
570 2511 701 2589 officiis,
714 2519 818 2594 prout
835 2512 934 2576 nobis
950 2511 1061 2588 licuit,
1076 2511 1230 2584 amoveri
1241 2532 1257 2590 ;,
1274 2513 1370 2580 alios,

413 2629 550 2692 quoque
570 2610 739 2676 inferioris
759 2610 888 2688 gradus
905 2611 941 2673 in
956 2610 1142 2690 praemissis
1158 2611 1368 2692 culpabiles¹

411 2711 475 2773 sub
494 2716 572 2774 tuta
581 2709 740 2775 custodia
756 2709 911 2784 detineri,
926 2709 996 2784 ille,
1010 2707 1103 2776 ‘ue’²
1117 2711 1147 2772 si
1164 2709 1359 2790 libertatem

411 2809 548 2873 solitam
563 2809 767 2890 potirentur,
782 2807 1066 2890 supplantaretur
1085 2827 1201 2871 eorum
1228 2811 1366 2880 astutia,

406 2907 554 2990 justitiae
588 2908 762 2982 executio,
785 2912 819 2974 et
857 2905 1076 2973 deluderetur
1098 2906 1222 2976 callide
1249 2907 1361 2990 inqui-

411 3007 492 3072 sitio
520 3005 691 3070 veritatis
744 3005 918 3083 Quoniam
945 3024 1023 3071 cum
1049 3024 1094 3070 ex
1119 3005 1202 3074 dicti
1228 3006 1369 3074 archia..

412 3106 545 3188 piscopi
560 3105 663 3169 animi
681 3105 823 3168 latebris
841 3122 881 3166 eo
897 3105 1023 3170 certius
1039 3111 1073 3167 et
1088 3104 1221 3186 plenius
1236 3106 1369 3174 elicere

411 3205 628 3272 crederemus
657 3223 726 3284 quo
752 3202 836 3265 nihil
868 3221 987 3266 eorum
1014 3220 1093 3283 quae
1120 3204 1163 3266 ad
1194 3204 1358 3273 informa·

411 3303 539 3371 tionem
566 3311 718 3367 nostram
749 3301 784 3364 in
808 3301 873 3364 hac
896 3308 994 3383 parte
1022 3300 1176 3375 conferre
1199 3310 1358 3383 poterant

410 3403 522 3485 ipsum
551 3400 782 3467 verisimiliter
813 3399 921 3468 latere
953 3399 1131 3476 debuerat,
1162 3402 1218 3466 cui
1250 3403 1369 3466 totiusu

411 3500 611 3583 reipublicae
629 3506 756 3562 nostrae
780 3497 1110 3564 administrationem
1132 3506 1168 3565 et
1190 3519 1369 3570 summam¹

411 3618 525 3668 rerum
556 3597 782 3678 gerendarum
813 3615 835 3662 a
864 3597 974 3664 multo
1001 3604 1155 3679 tempore
1193 3598 1355 3668 duximus

411 3695 703 3770 committendam,
722 3695 787 3758 sibi
811 3714 871 3776 per
894 3696 1028 3762 fidelem
1053 3703 1206 3759 nostrum
1232 3697 1361 3764 Nicbo·

410 3795 503 3859 laum
529 3794 571 3865 de
595 3793 796 3875 Cantilupo,
823 3793 866 3856 ad
893 3793 958 3870 boc
989 3794 1184 3876 specialiter
1208 3795 1359 3866 destiua÷

410 3903 496 3970 tum,
515 3893 754 3964 mendavimus
778 3893 869 3975 quod
894 3892 937 3960 ad
953 3900 1108 3957 nostram
1126 3894 1361 3975 praesentiam,

444 4151 597 4202 ¹Amended
604 4151 668 4199 from
677 4151 782 4210 Rymer;
795 4147 871 4197 MSS.

408 4223 470 4274 read
480 4223 488 4251 ‘
499 4219 714 4272 submersionem!
762 4271 764 4276 .
934 4179 944 4210 ῃ
961 4182 1086 4246 supplied
1097 4181 1160 4232 ΓΜ
1172 4163 1274 4246 Rym‘i'·
