3178 4992
414 476 583 524 warram
608 477 655 522 ou
678 477 961 526 nunrnoruacn.
1099 461 1165 525 169

212 637 248 696 'et
277 633 509 716 praecipimus,
538 636 604 698 sub
636 636 748 717 poenis
779 634 826 698 in⁴
848 630 1160 717 ‘compromissis'¹
1187 649 1309 740 {atgaggi

213 733 386 796 contentis
424 739 460 796 et
496 734 572 797 aliis
609 735 652 800 de
687 734 814 817 quibus
848 735 949 798 nobis
977 723 1322 822 indebitum-„ffl-L

213 831 357 894 arbitrio
396 840 514 897 nostro
554 832 775 899 nihilominus
806 834 906 898 firmo
936 840 1108 906 manente,
1141 833 1281 922 αξξξξω

215 923 373 1011 partibus
396 931 643 998 iuviolabiliter
658 934 847 1014 observari.
900 932 947 996 Et
963 932 1127 1014 ‘insuper
1138 929 1165 964 ’²

214 1041 431 1094 reservamus
447 1032 544 1094 nobis
560 1032 704 1095 liberum
719 1032 898 1096 arbitrium
918 1037 954 1095 et
974 1031 1164 1113 plenariam

214 1133 434 1209 potestatem,
469 1138 573 1212 prout
609 1151 655 1194 ex
692 1131 802 1194 forma
840 1124 1164 1212 compromissomm

214 1228 454 1308 praedictorum
483 1229 582 1294 nobis
608 1231 783 1311 competit,
812 1226 977 1310 ‘super'³
1004 1229 1164 1292 omnibus

215 1332 250 1390 et
272 1328 419 1408 singulis
440 1347 519 1409 quae
542 1329 632 1392 inter
654 1328 793 1391 eosdem
815 1346 915 1409 reges
941 1347 985 1391 ex
1008 1345 1165 1408 compro·

215 1426 329 1490 missis
361 1427 533 1509 praedictis
562 1427 774 1502 arbitranda,
801 1427 988 1499 laudanda,
1026 1444 1165 1507 compo·

215 1525 339 1600 nenda,
357 1525 552 1590 diffinienda
568 1537 604 1590 et
621 1526 882 1608 pronuncianda
898 1531 1043 1598 restant,
1057 1531 1093 1589 et
1110 1524 1166 1588 hic

216 1625 394 1698 arbitrata,
422 1625 576 1697 laudata,
603 1623 749 1690 diffinita
781 1632 816 1688 et
845 1624 1075 1706 pronunciata
1098 1643 1167 1687 non

215 1731 307 1798 sunt,
326 1724 528 1797 arbitrandi,
547 1723 723 1800 laudandi,
740 1722 937 1802 diffiniendi,
956 1723 1166 1787 arbitraliter

216 1823 456 1898 sententiandi,
479 1823 711 1905 praecipiendi,
735 1822 927 1898 ordinandi,
950 1822 1165 1904 disponendi,

217 1929 322 2004 atque
345 1922 606 2003 pronunciandi,
633 1941 764 1986 necnon
790 1930 825 1985 et
849 1929 921 1985 tam
943 1922 979 1983 in
1005 1920 1164 1985 omnibus

219 2019 319 2084 ‘et’⁴
348 2021 493 2102 singulis
523 2021 710 2096 arbitratis,
741 2021 904 2095 laudatiS,
918 2025 921 2030 ’
935 2017 1100 2095 diffinitis,
1132 2028 1168 2084 et

218 2121 452 2200 pronunciatis
479 2121 514 2183 in
548 2121 711 2202 praesenti
741 2121 885 2183 arbitrio
914 2127 1019 2202 atque
1047 2118 1164 2195 laudo,

218 2237 322 2301 quam
344 2219 377 2280 in
402 2219 468 2282 hiis
483 2238 561 2301 quae
585 2218 797 2292 arbitranda,
813 2218 999 2290 laudanda,
1016 2218 1164 2282 arbitra-

217 2318 298 2380 liter
311 2319 560 2393 sententienda,
572 2316 778 2394 diffinienda,
794 2326 830 2382 et
844 2316 1114 2400 pronuncianda,
1126 2325 1165 2381 ut

219 2417 450 2498 praemittitur,
469 2424 611 2492 restant,
627 2417 784 2492 addendi,
803 2413 1044 2493 ‘minuendi'⁶
1059 2417 1163 2479 corri-

219 2516 333 2596 gendi,
379 2515 626 2599 interpretandi
669 2524 705 2580 et
746 2516 945 2582 declarandi
984 2515 1090 2579 semel
1130 2523 1166 2580 et

219 2614 347 2696 pluries
374 2623 410 2680 et
431 2616 592 2697 quotiens
617 2615 715 2680 nobis
736 2616 906 2697 placuerit
928 2634 970 2679 ac
993 2613 1166 2679 videbitur

205 2705 392 2796 expedire.
446 2714 630 2791 Caeterum,
663 2721 704 2779 ut
733 2715 878 2779 dextera
909 2714 1065 2789 Domini,
1089 2732 1168 2796 quaa

216 2813 337 2876 miram
368 2810 512 2878 ‘facit'⁵
545 2816 579 2877 in
615 2833 757 2877 suorum
786 2834 928 2895 operum
957 2814 1164 2876 executione
1228 2879 1232 2885 ,

219 2903 445 2986 ‘virtutem,'⁶
469 2911 639 2976 efficacius
662 2920 699 2976 et
720 2913 906 2994 perfectius
929 2911 1009 2974 huic
1026 2913 1167 2991 negotio

217 3018 449 3092 prosperetur,
482 3011 663 3074 terminum
695 3011 962 3093 peremptorium
999 3028 1041 3070 ex
1075 3028 1168 3071 nune

218 3109 305 3190 ipsis
329 3110 467 3190 regibus
490 3109 718 3190 assignamus,
753 3117 794 3173 ut
819 3127 924 3189 super
946 3107 1107 3169 omnibus
1133 3107 1170 3169 in

216 3209 380 3290 praesenti
406 3209 550 3272 arbitrio
575 3208 674 3272 nobis
699 3226 803 3288 super
829 3207 923 3270 dicto
949 3205 1089 3285 negotio
1114 3225 1167 3268 re-

217 3310 375 3385 servatis,
398 3317 432 3370 et
461 3308 503 3370 ad
531 3325 572 3370 ea
598 3307 862 3388 pertinentibus
894 3299 1024 3369 ‘illis'⁵
1047 3305 1111 3367 die·
1126 3323 1168 3368 ac

217 3406 294 3471 loco
310 3413 533 3489 compareant
553 3425 670 3469 coram
694 3404 804 3482 nobiS,
830 3405 1021 3486 dequibus
1045 3404 1095 3466 eis
1122 3403 1167 3466 ad

217 3506 251 3569 id
268 3513 349 3587 ‘per
365 3515 501 3570 nostras
516 3505 720 3569 duxerimus
744 3505 865 3569 literas
880 3502 1114 3567 nunciandum
1124 3493 1166 3581 ;’7

217 3625 295 3669 cum
322 3607 448 3687 quibus
473 3622 576 3686 super
602 3603 680 3678 hiis,
705 3623 769 3685 pro
792 3603 948 3686 ipsorum
972 3603 1098 3685 quiete,
1126 3620 1167 3664 ac

219 3723 385 3786 prospero
416 3711 511 3769 statu
540 3704 670 3778 mundi,
697 3709 733 3767 et
762 3722 826 3784 pro
853 3695 1007 3766 utilitate
1039 3701 1169 3782 negotii

150 3937 157 3954 ·
252 3950 287 3984 ιι
299 3949 448 4012 ρωιῃῑεείεξ
478 3949 536 3999 MS.
568 3949 681 4009 Lensd.;
740 3944 920 3997 ‘Omittedin
933 3946 1009 3995 MSS.

216 4019 390 4102 ‘‚¹'¹ae¹.¹¹i⁵⁸i⁸”
401 4019 459 4100 M.s'
471 4017 538 4109 09η·
550 4019 629 4079 vap·
740 4049 751 4082 ⁶
767 4053 900 4101 ‘virtutem
910 4049 1047 4113 operatur‚’
1057 4049 1135 4099 Mas,

252 4086 591 4208 :tmsupessissglffmplr'sglsa
741 4148 752 4181 ⁷
769 4151 928 4200 ‘laciendum
947 4165 993 4212 per
1009 4151 1096 4201 literas
1112 4165 1169 4201 nos·

252 4224 262 4253 ⁴
280 4173 373 4290 cem
383 4227 427 4290 in,’
436 4192 515 4275 ’Msa
535 4189 542 4206 ⁸
707 4226 759 4271 tras
769 4219 964 4284 nunciabimus,'
977 4221 1053 4271 MSS.
