3126 4986
400 452 446 518 62
769 472 978 518 canonicos

249 643 375 732 {iffi-
401 628 569 708 caesisque
584 627 684 709 qnasi
700 644 735 690 ν.
753 627 905 692 millibus
920 628 1072 709 reliquos
1087 629 1123 692 in
1137 637 1254 712 partes
1266 631 1357 694 divi-

236 720 386 759 ·’-’--
401 736 541 806 sernut3
573 727 715 808 quidam
751 728 843 790 enim
874 728 1038 808 fugerunt
1067 729 1104 791 in
1134 737 1269 810 segetes
1294 733 1356 812 qui

400 834 525 908 postea
541 826 763 890 caedebantur
779 829 823 890 ab
839 827 974 904 incolis,
989 836 1026 890 et
1040 829 1158 891 caeteri
1180 831 1240 910 qui
1255 839 1355 912 pote·

400 931 481 988 rant
495 925 637 1006 navigio
653 927 835 1006 fugerunt3
858 927 1005 1005 triginta
1021 934 1136 990 autem
1151 929 1216 991 viri
1236 929 1354 993 fortis-

400 1025 479 1088 simi
517 1032 725 1108 receperunt
773 1045 811 1088 se
847 1026 940 1088 infra
992 1027 1149 1090 clausum
1191 1029 1353 1106 abhatiae,

399 1125 636 1189 strenuissime
665 1133 864 1206 pugnantes
887 1144 998 1206 usque
1027 1126 1063 1189 in
1092 1145 1286 1208 vesperum,
1302 1128 1353 1192 ita

398 1224 493 1305 quod
510 1223 593 1286 nihil
611 1224 661 1287 eis
684 1243 807 1288 nocere
824 1231 987 1306 poterant
1006 1227 1116 1289 nostri
1141 1227 1351 1291 obsidentes,

400 1322 558 1405 Cumque
581 1324 617 1385 in
635 1325 789 1404 vesperis
811 1325 921 1387 nostri
945 1324 1121 1388 remissius
1143 1334 1299 1406 agerent,
1315 1336 1352 1390 ct

398 1423 499 1486 multi
537 1431 793 1486 reverterentur
833 1422 879 1484 ad
915 1425 1068 1505 propria,
1107 1425 1175 1505 ipsi
1212 1445 1352 1508 qunque

397 1519 524 1604 dilapsi
544 1530 639 1598 sunt,
653 1541 732 1585 cum
746 1522 882 1585 duabus
906 1523 1045 1605 scaphis
1071 1522 1262 1604 fugientes;
1280 1545 1351 1607 quo

397 1640 498 1684 mane
524 1622 678 1702 cognito,
707 1622 872 1685 insecutae
901 1631 983 1685 sunt
1011 1641 1070 1685 cns
1102 1623 1180 1686 duae
1212 1645 1351 1706 maguae

397 1740 516 1797 naves,
540 1740 618 1802 quae
633 1721 713 1785 vela
729 1721 885 1786 levantes
908 1722 944 1783 in
970 1722 1081 1785 altum
1106 1723 1253 1805 scaphas
1268 1743 1347 1788 cum

397 1819 554 1884 hostibus
576 1823 844 1885 submerserunt.
897 1821 940 1883 In
963 1821 1040 1903 ipso
1064 1829 1180 1885 autem
1204 1823 1348 1887 introitu

396 1919 547 1984 hostium
572 1921 710 1984 invilla
732 1921 776 1983 dc
789 1921 918 1996 Dovcr,
944 1921 1140 1984 ceciderunt
1159 1941 1204 1985 ex
1219 1925 1348 1987 nostris

397 2035 481 2086 xlii.
498 2019 565 2084 viri
589 2027 625 2084 et
648 2039 738 2084 nnus
763 2019 972 2099 monachns3
996 2020 1052 2083 hic
1068 2021 1205 2101 quidem
1228 2042 1347 2086 mona·

396 2118 493 2195 chus,
509 2120 643 2183 caeteris
657 2121 731 2183 suis
752 2119 918 2183 fratribus
936 2119 973 2182 in
992 2121 1178 2202 campanili
1193 2122 1347 2186 ecclesiae

395 2237 433 2282 se
449 2221 720 2300 receptantibus,
734 2239 812 2282 cum
828 2219 976 2282 orationi
995 2227 1136 2282 vacaret
1150 2221 1186 2282 in
1201 2221 1348 2284 ecclesia

395 2318 464 2380 Dei
493 2337 610 2382 coram
639 2319 717 2400 ipso
747 2318 850 2381 altari
879 2318 1073 2382 trucidatus
1098 2327 1163 2396 est,
1187 2327 1222 2384 et
1246 2322 1346 2384 obtu-

393 2415 510 2480 leruut
525 2436 602 2479 cum
619 2416 696 2480 Deo
713 2417 920 2480 sacrificium
936 2417 1155 2482 matutinum.
1202 2419 1345 2483 Interim

394 2515 474 2577 dum
492 2515 578 2579 talia
592 2523 779 2598 agerentur
793 2517 829 2580 in
840 2515 972 2599 Anglia
985 2517 1223 2582 discurrebant
1238 2519 1347 2583 literae

393 2615 622 2696 interregem
651 2617 810 2679 Franciae
836 2624 872 2680 et
895 2616 1096 2699 praedictum
1113 2617 1280 2681 Thomam
1302 2619 1346 2682 de

394 2713 594 2792 Turbevile,
609 2716 645 2778 in
661 2717 786 2797 quibus
810 2716 979 2780 excitavit
996 2716 1150 2780 Francos
1177 2725 1215 2780 ut
1241 2719 1347 2781 robur

393 2814 567 2878 exercitus
592 2816 767 2879 mitterent
794 2815 831 2878 in
855 2815 1022 2892 Scotiam,
1043 2818 1108 2879 sub
1132 2835 1192 2898 spe
1220 2816 1283 2880 tali
1310 2826 1345 2881 et

392 2921 488 2977 certa
503 2914 593 2996 quod
611 2915 707 2978 Senti
730 2922 852 2979 contra
875 2934 991 2996 regem
1006 2913 1146 2996 Angliae
1170 2916 1342 2980 ‘debella-

391 3013 509 3090 rent‚’¹
525 3014 693 3098 adjiciens
710 3015 814 3078 etiam
842 3014 933 3094 quod
964 3013 1123 3078 dominus
1142 3015 1344 3080 Edmundns

391 3112 498 3178 frater
526 3116 619 3195 regis
645 3124 680 3178 et
713 3134 829 3178 comcs
854 3113 1042 3177 Liucolniae
1069 3135 1146 3178 cum
1178 3116 1344 3180 immenso

392 3214 521 3296 populo
545 3223 580 3278 et
602 3215 824 3296 magnatibus
841 3213 959 3277 multis
982 3213 1051 3276 cito
1068 3222 1148 3296 post
1168 3216 1344 3297 ‘proficis-

390 3313 582 3376 cerentur’2
609 3315 645 3376 in
671 3313 895 3388 Vasconiam,
918 3319 954 3376 et
976 3312 1070 3394 quod
1094 3322 1223 3378 extunc
1251 3324 1343 3379 terra

391 3408 588 3491 Anglicana
610 3431 632 3474 a
652 3413 724 3476 suis
739 3413 782 3475 de
797 3412 892 3475 facili
906 3422 1024 3494 posset
1045 3413 1180 3494 ingredi
1201 3421 1237 3478 et
1259 3416 1345 3479 ohti-

390 3510 475 3572 neri.
543 3510 699 3574 Clericus
736 3518 853 3574 autem
889 3512 998 3593 ipsius
1028 3512 1158 3576 domiui
1188 3513 1344 3591 Thomas,

390 3608 471 3671 dnm
485 3608 571 3672 talia
588 3611 764 3687 scriberet,
777 3617 812 3674 et
828 3610 949 3675 literas
964 3611 1096 3693 legeret
1112 3614 1343 3695 responsales

385 3706 482 3789 juste
506 3709 572 3772 sibi
598 3709 724 3787 timuit,
741 3730 784 3773 ne
800 3711 853 3772 ‘si
864 3701 895 3736 '³
909 3711 999 3774 forte
1016 3712 1054 3774 in
1074 3713 1138 3775 tali
1154 3713 1343 3794 deprehen·

389 3807 528 3872 deretur
542 3808 695 3873 facinore
719 3815 884 3892 tanquam
905 3812 997 3892 regis
1017 3818 1053 3875 et
1072 3812 1171 3894 regni
1190 3813 1346 3894 proditor

424 4029 430 4062 ¹
449 4033 637 4096 ‘rebellarent’
656 4033 732 4084 MSS.
756 4035 851 4084 Lansd.

386 4103 436 4150 and
450 4103 515 4153 Coll.
526 4105 596 4153 Trin.
912 4101 923 4133 ³
940 4103 1053 4154 Omitted
1065 4106 1092 4152 in
1104 4105 1180 4154 MSS.
1191 4106 1259 4157 Goll.
1271 4108 1343 4158 Arm.

422 4168 432 4197 ⁹
448 4174 456 4200 ‘
464 4173 667 4235 proficiscerent}
675 4172 733 4222 MS.
741 4173 850 4233 Lansd.;
877 4173 927 4222 and
939 4173 1005 4226 Oott.
1017 4176 1075 4224 Tib.

387 4239 610 4306 ‘proficiscentur‚’
622 4243 680 4292 MS.
692 4241 760 4292 cort.
770 4244 828 4292 Tib.
