3126 4986
383 475 428 540 32
743 494 950 546 canonicor
979 553 981 556 ¹

231 661 354 750 {effigi
385 656 486 714 nates
510 649 715 714 litteratorie
746 640 1001 722 submiserunt3
1028 647 1119 711 unde
1149 646 1338 728 praedictus

221 739 333 842 Ampor
358 739 364 750 ’
384 769 459 826 rex,
481 748 690 838 convocatis
707 750 930 830 magnatibus
948 749 1021 811 suis
1044 755 1079 811 et
1101 747 1207 824 clero,
1226 746 1338 810 tenuit
1392 746 1395 753 ’

219 853 326 892 ⁸⁰⁰²¹⁸¹¹⁶·
384 849 652 930 parliamentum
674 866 776 910 suum
797 848 890 929 apud
910 846 1067 911 Norbam
1085 847 1186 928 quasi
1203 847 1238 908 in
1255 851 1336 907 con-

220 958 352 1047 ftapfflt
384 946 466 1010 finio
487 949 668 1028 utriusque
688 947 797 1027 regni,
813 947 847 1009 in
864 944 1055 1028 quindena¹
1072 945 1219 1008 Paschae
1243 963 1335 1007 anno

348 1032 355 1050 ⁸
386 1046 529 1110 Domini
546 1061 706 1109 dccxci.
719 1052 754 1108 ct
772 1045 870 1126 regni
887 1046 942 1108 sui
960 1061 1041 1109 xlx.
1060 1046 1178 1126 inquo
1196 1043 1335 1125 quidem

385 1145 463 1209 loco
475 1152 708 1213 convenerunt
721 1144 836 1207 clerici
854 1164 899 1206 ox
915 1143 1076 1207 condictu
1092 1143 1184 1224 regis
1200 1143 1336 1224 experti

385 1243 422 1307 in
445 1245 525 1328 juro
550 1243 644 1307 civili
672 1251 708 1308 et
737 1242 914 1320 canonico,
946 1242 1100 1323 religiosi
1128 1242 1228 1305 multi
1257 1261 1334 1304 cum

386 1342 557 1407 chronicis
574 1343 658 1417 suis,
678 1343 768 1405 sicut
785 1349 931 1424 apparet
954 1341 990 1403 in
1006 1348 1156 1422 quatuor
1172 1340 1264 1404 foliis
1280 1347 1335 1403 se-

387 1443 572 1523 quentibus
603 1448 638 1505 ot
670 1441 895 1523 interpositio,
924 1440 1078 1522 episcopi
1107 1440 1223 1522 plures
1256 1459 1335 1502 cum

388 1539 540 1604 Eborum
551 1540 822 1621 archiepiscopo,
834 1540 1016 1618 tractaturi
1030 1539 1180 1603 finaliter
1190 1538 1233 1603 de
1243 1539 1337 1621 capi-

387 1639 450 1702 tali
481 1639 630 1703 dominio
657 1640 754 1720 regni
784 1638 922 1715 Scotiac,
953 1658 994 1701 oo
1028 1639 1120 1720 quod
1151 1638 1241 1701 idem
1271 1658 1335 1701 rex

387 1737 525 1801 dicebat
550 1757 599 1815 se,
626 1740 716 1817 sicut
753 1744 789 1801 et
823 1738 1093 1820 praedecessores
1121 1738 1177 1801 sui
1199 1736 1333 1820 jamdiu

388 1837 588 1913 extiterant,
618 1856 693 1900 esso
718 1843 753 1899 et
779 1836 854 1899 esso
883 1835 1007 1900 debere
1040 1855 1157 1918 regem
1180 1844 1216 1900 ct
1236 1836 1336 1916 regni

224 1950 315 1990 Ervum
388 1934 513 1999 Scotiae
528 1936 704 1999 dominum
717 1935 913 2017 capitalem.
971 1934 1043 2013 Qui
1057 1942 1231 1999 retroacta
1246 1942 1333 1999 tem·

224 2001 366 2089 iffilom
388 2054 475 2116 pora
489 2034 671 2116 diligenter
685 2035 923 2099 examinantes
946 2041 981 2097 et
997 2034 1199 2116 singillatim
1223 2035 1259 2097 e't
1281 2052 1334 2096 so-

224 2101 362 2189 ii‘ffii·
388 2153 506 2198 orsum
538 2134 705 2216 requisiti,
740 2135 776 2196 in
808 2133 1028 2198 conscientiis
1062 2135 1133 2196 suis
1170 2133 1334 2197 dixerunt

389 2252 507 2296 omnes
531 2231 622 2313 quod
652 2251 849 2314 supremum
871 2232 1060 2295 dominium
1083 2233 1180 2313 regni
1208 2232 1335 2296 Scotiaa'
1415 2263 1418 2268 ·

389 2333 577 2412 pertineret
602 2330 647 2393 ad
672 2350 788 2411 regem
813 2329 962 2410 Angliae,
987 2331 1053 2394 nisi
1075 2331 1207 2412 aliquid
1232 2330 1337 2394 babo-¹
1435 2360 1438 2364 ·

386 2438 482 2494 retur
499 2429 708 2493 contrarium
726 2449 788 2512 per
803 2428 895 2510 quod
917 2429 1182 2494 excluderentur
1199 2449 1220 2494 a
1237 2429 1338 2494 cliro-¹

387 2529 473 2592 nicis
490 2534 661 2592 extracta.
708 2528 810 2592 Unde
826 2528 938 2592 dictus
958 2548 1021 2592 rex
1040 2529 1231 2594 Edwardus
1255 2549 1337 2593 con·

388 2629 522 2691 vocatis
553 2646 668 2692 coram
702 2645 740 2692 se
771 2627 925 2708 praelatis
954 2630 989 2692 et
1013 2630 1213 2710 proceribus
1239 2630 1338 2709 regni

391 2727 518 2791 Scotiae
535 2726 727 2790 inecclesia
743 2726 933 2807 parochiali
949 2726 991 2790 de
1007 2727 1177 2805 Norham,
1193 2744 1242 2792 vr.
1259 2728 1338 2792 idus

327 2839 340 2878 1
392 2826 479 2889 Maii
497 2845 588 2889 anno
611 2825 810 2907 supradicto
833 2826 965 2891 scilicet
982 2844 1141 2890 mccxcr.
1165 2828 1336 2910 subscrip-

390 2931 461 2988 tam
481 2925 681 3006 petitionem
707 2945 767 3007 per
789 2925 959 3007 quendam
981 2945 1082 2988 suum
1104 2926 1247 2990 militem
1264 2927 1338 2990 Ros

391 3044 511 3106 gerum
527 3022 726 3088 Brabason²
742 3025 922 3106 proposuit
936 3026 973 3088 in
985 3024 1058 3089 baec
1070 3026 1188 3090 verba.
1212 3031 1234 3060 “
1250 3025 1337 3089 Cum
1436 3022 1439 3029 '

390 3124 427 3187 in
448 3123 537 3187 libro
553 3123 755 3206 Sapientiae,
777 3123 844 3186 biis
864 3125 924 3205 qui
945 3131 1114 3206 praesunt,
1135 3125 1280 3207 primum
1304 3131 1340 3189 et
1417 3141 1420 3148 '

391 3219 679 3305 ‘principaliter’³
696 3222 816 3286 datum
839 3222 883 3285 sit
906 3229 1116 3306 pracceptum
1132 3232 1171 3286 ut
1193 3223 1341 3304 diligant

388 3321 563 3404 justitiam
581 3322 642 3402 qui
654 3320 815 3403 judicant
827 3328 968 3398 terram,
984 3329 1031 3398 et,
1049 3322 1239 3387 secundum
1255 3341 1340 3404 apo-

392 3420 550 3484 stolicam
561 3418 766 3494 doctrinam,
781 3418 885 3501 hujus
893 3420 1042 3504 justitiae
1058 3421 1191 3485 fructus
1203 3423 1238 3485 in
1253 3441 1341 3503 pace

392 3519 593 3594 seminatur,
606 3525 748 3599 quaeest
763 3520 998 3600 tranquillitas
1011 3520 1141 3584 ordinis
1154 3539 1224 3602 quo
1240 3527 1342 3602 pares

393 3625 428 3681 et
451 3618 601 3699 impares
624 3616 710 3681 locis
728 3618 793 3709 sibi
809 3620 1076 3700 congruentibus
1102 3620 1343 3702 disponantur,-

394 3723 428 3780 et
451 3716 544 3797 apud
567 3716 732 3780 mortales
755 3717 841 3780 nihil
864 3738 949 3800 pace
972 3719 1235 3783 desiderabilius
1261 3737 1343 3781 con-·

391 3941 857 4074 „020Jhifieoeffittssnffssffid’agg
918 3978 1345 4043 ²TbecbiesJusticiaryosEng.

392 4085 492 4146 Easter,
504 4086 549 4132 hut
565 4099 598 4132 on
612 4084 654 4132 the
667 4083 802 4132 Continent
813 4083 855 4131 the
879 4049 950 4098 lud·

391 4152 792 4285 tetrarchias?
812 4151 855 4201 ‘¹²⁶
917 4183 1310 4252 rane·
