3166 4992
437 475 611 524 wrnruur
630 475 676 523 ou
700 473 982 525 nuumenuueu.
1115 461 1181 527 229

235 631 492 697 confitebantur
505 633 662 716 requisiti
676 652 714 696 se
728 640 860 698 tantam
872 633 998 700 habere
1011 655 1179 700 summam
1204 645 1327 741 ffdgqqols·

234 731 373 795 nomine
389 731 534 796 fratrum
550 732 832 797 Praedicatorum.
887 731 933 798 Et
945 735 1065 798 statim
1087 755 1180 817 papa
1191 725 1335 767 ·-’···-”’

235 831 470 912 sequestravit
499 851 587 908 eam,
621 832 739 896 dicens
769 832 864 896 illem
900 852 976 896 esse
1003 852 1113 910 suam,
1145 843 1180 900 et

235 929 361 994 fratres
376 931 608 995 mendicantes
630 933 807 1014 proprium
828 932 955 997 habere
977 951 1045 996 non
1066 953 1180 1016 posse,

235 1035 270 1093 et
290 1029 341 1092 sic
362 1031 547 1094 evacuavit
567 1049 639 1108 eoa,
657 1031 804 1113 pecunia
825 1029 1033 1115 ‘perdita.'¹
1085 1032 1180 1100 ‘Hic

235 1127 339 1193 etiam
357 1127 559 1194 Boniiacius
576 1127 776 1195 Albertum²
795 1131 889 1212 regis
906 1128 1099 1196 Alemaniae
1119 1152 1181 1214 per

235 1228 400 1310 praelatos
419 1236 455 1293 at
478 1229 650 1311 principes
666 1228 859 1294 Alemaniae
881 1230 916 1292 in
938 1231 1181 1312 imperatorem

234 1328 394 1405 electum,
411 1328 628 1393 confirmavit
642 1348 721 1392 eum
738 1329 774 1392 in
797 1348 913 1410 regem
931 1328 1180 1407 Romanorum,

235 1434 270 1491 et
293 1446 316 1491 a
330 1415 625 1509 'procuratoribus
648 1429 724 1492 suis
746 1427 983 1512 juramentum
1005 1437 1182 1510 receperat

234 1525 425 1604 fidelitatis,
437 1534 472 1591 et
484 1527 575 1610 quod
587 1527 738 1591 alienata
752 1528 795 1591 de
804 1527 947 1612 imperio
959 1527 1181 1594 revocaret.'³

502 1749 660 1838 quosa'tio
677 1751 910 1818 Oardioatium.

286 1923 356 1986 Hic
368 1923 471 1987 etiam
483 1923 683 1988 Bonifacius
695 1925 781 1989 duos
791 1926 984 1990 cardinales
993 1927 1181 1993 deColum-

238 2041 294 2098 na,
312 2023 335 2086 J
338 2022 482 2086 acobum
501 2023 633 2087 scilicet
654 2032 689 2086 et
708 2023 849 2087 Petrum
868 2033 1029 2107 nepotem
1045 2027 1068 2094 J
1071 2030 1182 2105 acobi,

238 2129 379 2204 propter
396 2141 513 2185 eorum
536 2121 702 2186 demerita
723 2123 883 2206 deposuit
899 2125 1004 2188 etiam
1020 2145 1129 2207 usque
1147 2129 1182 2190 in

236 2227 398 2302 quartum
404 2221 562 2302 gradum,
569 2229 605 2285 et
615 2223 857 2303 pronunciavit
869 2243 1008 2288 eosesse
1017 2223 1181 2290 schisma·

239 2320 338 2397 tiene,
351 2340 392 2384 eo
405 2321 497 2404 quod
513 2321 693 2402 imaginati
704 2321 840 2386 inerant
852 2323 888 2385 in
903 2329 1048 2387 mortem
1062 2325 1181 2406 ipsius,

236 2416 286 2482 At
303 2419 354 2484 illi
370 2421 590 2502 congregatis
605 2421 815 2485 exercitibus
832 2423 1129 2506 persequebantur
1144 2445 1181 2489 se

237 2525 274 2582 et
288 2538 381 2594 suos,
391 2527 426 2584 et
442 2526 640 2585 everterunt
655 2528 770 2584 castra
781 2541 921 2585 suorum
936 2521 995 2586 ubi
1009 2531 1179 2604 poterant.

239 2616 428 2682 Habebunt
447 2619 551 2684 etiam
572 2619 743 2701 quendam
766 2628 940 2704 nepotem,
954 2621 1099 2687 militem
1118 2642 1180 2706 po·

238 2725 368 2782 tentem
386 2727 420 2782 et
447 2717 753 2795 strenuissimum,⁴
768 2721 827 2803 qui
850 2721 885 2783 in
905 2720 1024 2803 vigilia
1041 2721 1180 2786 Nativi-
1194 2732 1253 2782 flert-
1263 2731 1283 2772 ⁷·

237 2818 320 2880 tatis
335 2818 448 2882 beatae
472 2817 596 2881 Mariae
612 2818 707 2882 venit
722 2817 893 2884 Ananiam
923 2839 1001 2884 eum
1025 2823 1181 2887 exercitu

238 2916 391 2997 copioso,
402 2916 462 2979 ubi
473 2923 548 2980 erat
561 2915 743 2980 thesaurus
757 2937 858 3000 papae
870 2937 891 2982 a
904 2918 1014 2982 multo
1028 2926 1182 3002 tempore
1223 2953 1225 2957 v

238 3014 436 3079 reconditus
464 3015 500 3077 in
525 3016 697 3079 tutissimo
720 3016 863 3096 palatio,
881 3026 917 3080 et
937 3025 1012 3081 erat
1030 3019 1077 3081 ibi
1099 3026 1181 3083 tunc

236 3111 397 3178 dominus
414 3131 518 3196 papa.
570 3113 642 3177 Hic
656 3115 868 3196 conspiravit
879 3125 914 3179 et
930 3118 1091 3181 convenit
1104 3137 1182 3181 eum

237 3213 464 3294 optimatibus
489 3213 642 3277 civitatis
671 3213 837 3297 ejusdem,
865 3216 930 3277 sub
955 3234 1017 3298 spe
1041 3217 1181 3298 partici-

237 3312 387 3393 pationis
409 3312 516 3375 futuri
540 3311 638 3388 lucri,
661 3311 752 3394 quod
776 3332 844 3377 non
864 3314 1064 3382 resisterent
1085 3317 1181 3380 eiad

236 3413 413 3476 introitum
428 3431 542 3492 neque
557 3413 701 3490 exitum,
719 3419 754 3476 et
763 3411 970 3496 juraverunt
985 3414 1029 3491 ei,
1048 3415 1181 3497 ingres·

238 3531 366 3595 susque
387 3518 442 3574 est
463 3511 642 3576 civitatem
667 3513 767 3593 quasi
785 3531 919 3576 summo
942 3531 1053 3591 mane,
1071 3523 1108 3580 et
1129 3515 1180 3579 in-

273 3802 390 3864 '‘data'
402 3802 458 3850 MS.
471 3803 565 3854 Lausd.
724 3804 828 3852 omitted
853 3805 879 3853 in
907 3805 965 3854 Ms.
990 3805 1085 3856 Lausd.
1129 3807 1184 3856 The

271 3872 281 3902 ²
304 3872 395 3922 Albert
417 3872 441 3921 1.
463 3872 491 3920 of
515 3872 621 3922 Austria
645 3886 699 3920 vves
725 3873 807 3921 whole
818 3887 927 3935 passage
938 3874 961 3922 is
973 3879 1084 3935 corrupt.
1112 3875 1184 3942 Pope

235 3941 353 3994 crowded
381 3955 496 4002 emperor
528 3941 632 4003 August
658 3945 700 4003 24,
725 3941 846 3990 Boniiace
867 3943 1002 3991 confirmed
1020 3943 1062 3992 the
1083 3944 1138 3992 title
1160 3946 1190 3994 oi

238 4017 310 4076 1298,
321 4025 353 4061 on
365 4010 408 4058 the
419 4010 561 4071 deposition
578 4009 607 4059 oi
620 4011 700 4058 Adoi-
724 4011 815 4058 Aibert
832 4012 865 4071 by
877 4025 893 4059 a
907 4011 961 4058 bull
972 4011 1049 4060 dated
1060 4013 1134 4076 April
1146 4017 1187 4074 30,

235 4084 303 4148 phns
314 4082 343 4132 ot
351 4081 463 4130 Naseau.
727 4083 799 4141 1³⁰3,
808 4079 901 4141 having
907 4081 1053 4141 previously
1064 4083 1187 4144 regarded

725 4149 776 4197 him
789 4163 818 4196 as
829 4163 862 4196 an
872 4163 987 4210 usur-per.

270 4217 281 4249 ⁸
297 4220 368 4273 ‘Hic
384 4220 461 4268 etiam
474 4255 480 4268 .
494 4251 500 4266 .
515 4252 521 4266 .
536 4217 701 4266 .revocaret.’
762 4219 770 4246 ⁴
788 4217 936 4270 Guillaume
947 4219 980 4268 de
991 4220 1113 4282 Negaret.
