3126 4986
402 473 574 522 weuram
601 473 647 520 nn
671 473 957 522 unstruoounou.
1110 460 1154 524 63

194 638 407 706 censeretur,
425 629 614 704 condoluit,
633 636 681 706 et,
698 647 785 692 sano
804 647 888 691 usus
904 630 1061 707 consilio,
1078 630 1154 710 regi
1179 650 1304 739 pago&

195 737 316 794 nostro
344 730 496 812 seipsum
525 734 650 810 sponte
674 727 812 802 obtulit,
837 729 953 792 omnia
975 749 1038 810 per
1060 725 1312 793 ordi--'-³-·-'

195 849 274 892 nem
309 848 454 892 narrans
489 835 525 891 et
552 829 686 890 veniam
716 827 982 892 misericorditer
1011 836 1153 910 petens3

196 928 290 1010 qnod
312 948 391 992 cum
413 929 528 1010 ipsum
548 927 724 991 dominum
738 926 908 990 Thomam
935 946 1005 991 non
1028 929 1155 992 lateret

196 1027 289 1109 fugit
310 1028 475 1092 continuo
504 1035 541 1090 et
568 1045 589 1090 a
612 1026 709 1089 curia
731 1026 881 1089 latenter
904 1026 1077 1103 discessit,
1094 1027 1154 1092 sed

197 1147 281 1190 mox
304 1147 326 1190 a
350 1126 516 1190 ministris
540 1125 632 1207 regis
660 1126 837 1188 insecutus
855 1145 976 1190 versus
993 1126 1155 1202 Wallias,

196 1233 279 1309 post
309 1226 396 1290 duas
431 1227 544 1290 dietas
573 1232 697 1307 captus
726 1232 791 1301 est,
815 1224 991 1302 reductuS,
1019 1225 1154 1309 adjudi-

195 1334 307 1401 catus,
321 1334 357 1388 et
372 1333 519 1388 tractus
558 1324 605 1388 Et
621 1325 691 1388 cito
707 1330 787 1405 post
805 1331 881 1388 tota
892 1344 1020 1406 magna
1031 1325 1154 1390 classis

195 1425 366 1508 praedicta
387 1424 559 1489 dissoluta
582 1432 636 1488 est
657 1423 755 1487 etad
779 1425 938 1506 proprios
955 1433 1077 1506 portus
1099 1444 1154 1488 re·

197 1545 311 1589 versa.

200 1745 387 1811 Caratacus
401 1755 549 1810 venenant
564 1745 758 1831 aloytum
771 1767 841 1810 eam
854 1747 1080 1832 BitcriePapae
1094 1767 1154 1830 pro

515 1845 601 1909 Poro
621 1844 834 1931 rosemunda.

247 2018 379 2082 Eodem
403 2037 496 2082 anno
523 2019 616 2082 circa
642 2018 768 2083 festum
797 2019 1023 2084 Pentecostes
1049 2039 1294 2094 vene-uerae.

200 2125 282 2182 runt
303 2120 338 2180 in
358 2118 525 2200 Angliam
553 2118 621 2181 duo
647 2119 854 2196 cardinales,
878 2120 975 2182 missi
1000 2138 1022 2182 a
1044 2095 1264 2183 latereir‘iiiiin

201 2217 319 2300 papael
337 2219 382 2281 ad
398 2237 515 2299 regem
532 2216 673 2298 Angliae
694 2238 772 2282 cum
795 2219 953 2302 epistolis
968 2219 1153 2302 papalibus
1166 2194 1270 2244 mm

200 2319 237 2380 in
252 2317 327 2381 haec
343 2319 449 2381 verba
464 2323 474 2351 ‘
487 2318 662 2400 conceptis
674 2317 758 2381 ι’*-

252 2423 276 2451 “
289 2415 510 2482 Bonifacius³
525 2418 721 2500 episcopus,
740 2435 862 2482 servus
878 2437 1057 2482 servorum
1072 2419 1151 2495 Dei,
1165 2432 1248 2522 gaufr
1259 2431 1315 2520 spe

201 2517 380 2580 carissimo
404 2518 440 2580 in
462 2516 601 2582 Christo
624 2517 696 2582 fflio
714 2517 901 2594 Edwardo,
916 2518 990 2600 regi
1011 2492 1299 2620 Angliaeruiiuiffrts

200 2617 341 2693 illustri,
368 2617 580 2680 salutemet
606 2616 834 2699 apostolicam
866 2592 1303 2722 benedictionem.{ii⁰idzor

203 2717 327 2781 Movet
352 2717 500 2780 animum
527 2724 745 2799 mentemque
769 2717 945 2796 sollicitat,
971 2717 1021 2782 fili
1046 2718 1153 2781 carls-
1183 2692 1252 2721 '⁸⁰⁰⁰'

202 2817 300 2894 s1me,
329 2816 465 2880 sincera
494 2823 529 2880 et
563 2815 753 2880 affectuosa
787 2816 939 2893 dilectio,
971 2836 1074 2898 quam
1110 2818 1154 2881 ab

203 2915 299 2994 olim,
314 2915 396 2979 dum
420 2935 504 2979 cura
527 2916 627 2979 nobis
648 2914 752 2979 officii
773 2917 914 2980 minoris
928 2915 1155 2991 incumberet,

203 3015 248 3078 ad
268 3033 451 3096 personam
475 3015 605 3097 regiam
630 3023 797 3097 tuumque
822 3035 968 3097 regnum
997 3015 1155 3077 inolitum

205 3116 389 3196 gessimus,
405 3122 441 3179 et
463 3115 673 3178 continuatis
697 3115 868 3179 benivolis
888 3113 1013 3177 studiis
1034 3131 1154 3193 gerere

204 3234 274 3278 non
310 3232 499 3291 cessamus
531 3223 571 3277 nt
602 3213 842 3278 celsitudinem
879 3212 1023 3292 regiam,
1055 3211 1154 3294 cujus

205 3314 452 3378 exaltationem
477 3321 513 3377 et
538 3313 684 3395 gloriam
720 3313 863 3378 summis
895 3311 1074 3378 desideriis
1103 3311 1155 3374 as·

206 3413 388 3492 fortemne,
422 3412 466 3476 ad
497 3433 539 3477 ea
568 3411 772 3477 inducamus
805 3411 952 3476 sollicite
986 3431 1049 3494 per
1077 3430 1156 3492 quae

204 3513 241 3576 in
270 3521 458 3596 conspectu
485 3512 596 3594 Regis
621 3511 807 3589 Altissimi,
829 3531 892 3595 per
921 3531 1022 3593 quem
1057 3531 1156 3594 reges

205 3619 352 3693 regnant
373 3620 408 3676 et
431 3611 604 3694 principes
630 3612 864 3689 dominantur,
886 3609 929 3676 de
954 3614 1045 3676 bono
1067 3631 1158 3675 sem.-

205 3732 267 3794 per
289 3713 325 3774 in
348 3711 470 3775 melius
495 3710 650 3776 reddaris
675 3712 862 3793 acceptior,
887 3731 1050 3776 occurras
1079 3731 1159 3792 gra·

244 3951 251 3982 ¹
280 3953 402 4004 Bonifaoe
427 3954 506 4005 VIII.
536 3951 672 4021 (Benedici
732 3951 978 4004 ¹OmittcdinMS.
991 3954 1056 4004 Coll.
1068 3954 1139 4005 Arm.

207 4025 333 4086 Gaetano,
349 4023 472 4073 cardinal
485 4025 514 4073 ol
524 4025 561 4074 St.
579 4025 672 4074 Silves·
732 4021 744 4055 ⁸
758 4023 821 4072 This
832 4025 886 4073 boll
897 4025 921 4072 is
931 4023 1032 4084 printed
1043 4023 1106 4072 from
1117 4023 1159 4072 the

205 4091 267 4158 ter),
289 4094 386 4142 elected
404 4095 509 4157 Fdday,
530 4095 679 4144 December,
697 4093 805 4156 original
825 4094 851 4140 iu
868 4093 911 4141 the
928 4093 1057 4153 Treasury
1074 4093 1102 4141 oi
1118 4093 1160 4141 the

206 4167 249 4227 24,
267 4167 342 4225 1294,
358 4164 409 4212 and
424 4164 587 4214 consecrated
606 4165 671 4214 Sun-
699 4164 805 4225 Receipt
816 4163 845 4211 ol
853 4161 895 4212 the
906 4161 1066 4224 Exchequer.

206 4235 268 4296 day,
278 4235 395 4296 Junuary
406 4238 432 4297 2,
445 4238 517 4284 1295.
