3166 4992
413 468 479 534 W
781 484 991 534 canonicos

266 657 390 748 {dg-5⁶³⁰}
412 644 796 730 judiciummgitantnr.
825 643 915 708 Item
924 643 1218 708 de‘indistinota'¹
1227 644 1365 725 legatis,

256 732 404 830 ff
419 753 596 828 quaesunt
614 745 809 827 approbato
826 751 897 808 tum
921 744 965 807 de
982 743 1062 827 Jure
1080 743 1247 808 canonico
1262 762 1365 824 quum

255 839 403 938 {fflffifflh
420 844 515 910 cirili
530 849 632 927 ‘quae
642 841 672 878 '²
688 843 772 908 dicti
787 843 904 907 clerici
920 843 1051 908 domini
1066 861 1167 925 papae
1180 842 1283 925 impie
1298 841 1365 905 sibi

258 939 402 1030 m&
422 946 647 1026 appropriare
665 943 835 1018 nituntur,
853 949 890 1007 et
911 941 947 1004 in
972 961 1056 1006 usus
1081 941 1165 1024 ipsis
1183 941 1364 1016 defunctis,

422 1062 570 1126 quorum
607 1043 698 1107 bona
733 1040 882 1118 fucrant,
919 1040 1059 1106 minime
1097 1036 1365 1123 ‘profuturos,'³

422 1149 776 1217 converteremus
792 1141 1006 1204 uoluntatem
1018 1139 1207 1222 piisimum
1223 1139 1365 1202 defunc·

423 1250 549 1306 torum.
590 1240 685 1306 Item
703 1259 782 1304 cnm
806 1239 966 1304 Romana
986 1238 1131 1304 ecclesia
1149 1257 1255 1302 unum
1278 1237 1366 1300 dun·

424 1348 525 1404 taxat
552 1339 714 1404 clericum
745 1358 809 1420 pro
847 1337 919 1402 sois
958 1337 1106 1419 negotiis
1136 1337 1302 1402 hactenns
1329 1336 1368 1398 in

423 1437 556 1520 Anglia
573 1438 699 1502 habere
713 1444 954 1513 consueverat,
965 1437 1011 1501 ud
1026 1455 1198 1520 expensas
1212 1433 1367 1500 eoclesiae

426 1537 643 1619 Anglioanae,
690 1536 851 1602 dominns
884 1555 985 1620 ,papo
1021 1536 1108 1620 jum,
1149 1543 1190 1600 nt
1228 1534 1367 1611 dicitnr,

425 1643 575 1718 quatuor
614 1636 758 1700 clericos
804 1635 988 1712 ordinavit,
1030 1635 1155 1718 quibus
1192 1633 1367 1716 oportebit

425 1734 607 1800 ecelesiam
635 1733 876 1817 Anglicanam,
902 1735 996 1800 ultra
1019 1735 1198 1817 antiquam
1226 1751 1366 1797 eonsue-

425 1834 593 1911 tudinem,
629 1841 789 1916 sumptus
818 1853 888 1898 non
921 1834 1074 1899 modicos
1105 1828 1367 1896 ‘ministrare.'⁴

426 1934 538 2016 Super
568 1933 693 2016 quibus
723 1934 997 2016 oppressionum,
1027 1933 1278 2014 gravaminum,
1305 1949 1368 1994 ex·

426 2034 618 2096 torsionnm
665 2039 701 2096 et
744 2033 949 2116 injuriarum
997 2032 1165 2110 articulis,
1201 2030 1367 2114 praefatus

427 2131 649 2196 ‘Willelmus
659 2125 690 2166 '⁵
706 2131 827 2208 Teste,
844 2139 1018 2214 quatenns
1027 2131 1140 2212 ipsum
1152 2131 1368 2210 contingunt,

425 2231 461 2294 in
474 2231 578 2313 pleno
589 2230 817 2313 parliamento
831 2229 998 2312 praedicto
1008 2229 1180 2294 allocutus
1193 2217 1370 2303 ‘extitit,’⁶

426 2349 489 2394 nec
521 2329 601 2394 inde
632 2349 670 2394 se
700 2329 814 2412 potuit
850 2329 1049 2411 aliqualiter
1089 2347 1269 2404 excusare,
1302 2326 1369 2390 nisi

428 2436 563 2496 tanturn
576 2428 669 2510 quod
686 2428 776 2492 dixit
790 2426 883 2510 quod
899 2427 1110 2494 auctoritate
1122 2427 1368 2509 dominipapae

428 2527 608 2608 praemissa
645 2525 758 2590 fuerat
788 2525 1030 2592 ‘assecutus.’⁷
1098 2529 1145 2593 Et
1172 2527 1255 2610 qnia
1277 2525 1370 2590 factu

428 2625 586 2706 magistri
603 2624 899 2692 wilielmi'l'esta
917 2627 954 2690 in
977 2627 1163 2708 praemissis
1180 2627 1211 2690 si
1229 2625 1367 2690 tollera-

428 2732 548 2788 rentur
569 2723 750 2789 manifeste
771 2725 935 2790 cederent
954 2725 990 2790 in
1011 2725 1119 2792 divini
1142 2726 1257 2790 cultus
1272 2723 1369 2788 dimi-

429 2823 617 2900 nutionem,
645 2833 682 2887 et
720 2822 876 2888 ecclesiae
912 2821 1117 2905 Anglioanae
1150 2823 1370 2888 ‘extenuati-

428 2920 588 2986 onem:’⁸
632 2927 785 2986 ‘necnon
821 2923 858 2987 in
896 2922 1147 3007 praejudicinm,
1185 2925 1371 2999 laesionem,

429 3020 743 3086 exhaerodationem
754 3041 903 3099 coronae,
917 3023 1114 3105 potestatis,
1120 3021 1371 3107 jurisdictionis

429 3127 465 3184 et
486 3121 666 3202 dignitatis
685 3121 792 3202 regiae
813 3120 1030 3203 Anglieanae,
1047 3123 1372 3206 depauperationem

429 3226 466 3284 et
480 3219 748 3286 destructionem
759 3218 786 3261 '⁹
800 3220 906 3285 totius
918 3222 1175 3287 communitatis
1188 3222 1372 3304 preediotae,

429 3337 470 3382 ac
487 3326 601 3383 status
615 3319 725 3400 regni,
737 3319 853 3400 legum
868 3327 904 3384 et
918 3321 1203 3385 consuetudinum
1220 3319 1373 3404 ejusdem

429 3418 701 3494 subversionem,
724 3418 817 3500 qnod
847 3419 949 3496 absit,
971 3428 1186 3502 perpetuam,
1215 3429 1249 3485 et
1283 3419 1373 3482 unde

463 3613 471 3643 ¹
488 3616 641 3679 ‘instinctu'
652 3618 709 3670 MS.
721 3618 816 3670 and.
916 3621 995 3672 larem
1005 3624 1157 3684 principem,
1166 3627 1192 3671 et
1201 3621 1285 3682 ipsius
1295 3619 1376 3668 oonsi-

461 3685 530 3733 ’‘et
541 3686 618 3749 quae,'
629 3687 687 3736 Rot.
915 3690 988 3755 lium,
1007 3693 1040 3740 de
1057 3705 1181 3741 consensu
1199 3703 1331 3751 procerum
1350 3693 1376 3736 et

460 3750 472 3781 ⁸
487 3754 748 3819 ‘proseemror,’1tot.
915 3766 1071 3824 magnatum,
1086 3766 1158 3810 tantu
1175 3760 1276 3809 malitia
1296 3757 1377 3820 repri-

461 3820 655 3877 “ministrnm
683 3826 890 3876 Haecomniaud
915 3830 1016 3880 matun!
1037 3831 1096 3880 Rot.

425 3893 605 3944 extrahendum
620 3910 728 3959 arogno
745 3897 891 3958 pecnmnm,
950 3897 960 3926 ⁵
977 3901 1114 3962 ‘magister
1124 3897 1285 3959 willermus:
1295 3898 1354 3946 Rot.

425 3964 458 4013 ad
469 3963 664 4014 exinanitionem
680 3965 797 4016 ecclesio
806 3966 889 4016 mani·
949 3983 960 4014 e
977 3986 1122 4036 amictus
1133 3983 1235 4034 efficit»
1246 3983 1303 4032 Μ,

425 4033 890 4098 sestam,etadritondumulienigenus
949 4069 985 4102 Η
1127 4070 1135 4094 ,
1218 4018 1226 4046 ’

425 4103 540 4162 spoliatis
550 4104 676 4166 indigenis
691 4105 794 4155 tondere
804 4106 890 4154 dinos-
950 4156 959 4184 e
977 4076 1126 4185 ‘QQ’
1147 4070 1208 4178 Μ’,

424 4177 516 4220 cuntur
527 4173 576 4221 nisi
588 4179 709 4236 exsurgat
720 4176 828 4224 Deuaet
838 4175 889 4222 dis·
994 4161 1199 4218 0¹¹¹²⁸¹¹¹t¹⁰¹²0¹²¹r
1219 4155 1277 4205 M·

424 4241 539 4300 sipontur
550 4243 646 4292 inimici
653 4247 719 4306 eins,
727 4250 755 4294 ut
762 4259 808 4305 per
815 4258 889 4292 secu-
950 4241 960 4271 ⁹
977 4241 1258 4304 ‘destructionemque’
1270 4240 1327 4289 Rot·
