3178 4992
266 659 355 700 muare
366 661 384 698 1.

258 709 284 748 Δ.
293 709 320 748 D.
332 712 388 748 1295.

250 793 300 833 Wsr
309 794 362 832 with

249 844 356 884 scotland.

413 471 457 537 78
609 475 614 482 '
704 478 720 482 ‘'
764 476 993 536 '‘cuaomoou

403 630 635 728 panderetur.
689 639 846 720 Interim,
863 645 942 708 dum
960 661 1025 706 rex
1049 649 1169 706 noster
1185 641 1229 707 ad
1249 657 1367 722 regern

415 744 595 809 Scotorum
621 743 742 807 literas
766 742 942 824 dirigeret,
968 749 1008 806 ut
1027 742 1064 805 in
1085 759 1246 823 guerram
1261 757 1367 806 'suam

413 851 537 908 contra
563 855 680 926 regem
706 842 864 908 Franciae
890 836 995 905 robur
1017 841 1192 906 exercitus
1216 843 1252 906 in
1269 849 1368 924 parte

414 944 622 1020 mitteretur,
635 943 857 1008 excusatoria
865 941 1079 1022 impotentiae
1090 947 1126 1004 et
1137 942 1237 1024 quasi
1253 942 1367 1005 brevis

404 1043 593 1124 responsio
618 1042 739 1107 datur.
785 1039 1067 1122 Multiplicantur
1093 1041 1218 1104 iterum
1248 1054 1368 1122 preces

413 1149 448 1204 et
471 1147 646 1223 praecepta
669 1155 738 1204 uon
762 1133 897 1204 tantum
920 1140 965 1204 ad
986 1152 1105 1221 regem
1132 1133 1248 1203 immo
1263 1147 1299 1204 et
1316 1141 1366 1204 'ad

413 1247 594 1322 magnates
621 1248 734 1316 terrae,
759 1231 794 1303 ot
814 1255 950 1320 semper
971 1239 1213 1320 responsiones
1225 1239 1366 1303 ‘frivolae

413 1341 668 1422 quaerebantur,
678 1359 719 1402 eo
738 1331 831 1421 quod
841 1338 1099 1421 conjurationes
1110 1357 1229 1402 eorum
1242 1337 1366 1402 validae

412 1439 578 1502 nondum
602 1437 864 1520 complerentur
893 1437 937 1500 ad
974 1444 1107 1502 votum.
1158 1438 1371 1503 ¹'I'enuerant

413 1537 504 1600 enim
519 1537 784 1620 parliamentum
807 1547 907 1600 'suum
926 1537 1018 1618 apud
1034 1537 1160 1614 Saone,
1173 1536 1210 1599 in
1227 1555 1308 1620 quo,
1322 1537 1367 1600 'ad

413 1627 742 1713 modum'Franciae,
769 1649 837 1700 x11.
865 1631 968 1718 pares
995 1637 1253 1712 ordinaverant,
1279 1653 1366 1718 qua·

414 1741 495 1799 tuor
511 1735 645 1800 'scilicet
664 1735 857 1817 episcopos,
876 1742 1028 1817 quatuor
1044 1737 1201 1813 comites,
1217 1739 1368 1818 quatuor

413 1835 573 1911 barones,
590 1827 738 1917 quorum
764 1825 910 1899 consilio
934 1843 969 1899 et
995 1834 1212 1900 ordinatione
1238 1831 1366 1898 extunc

413 1939 490 1998 tota
511 1934 631 1998 Sentio
650 1940 840 2016 regeretur⁴
892 1933 1046 1998 Nuntios
1068 1936 1184 2012 etiam
1206 1929 1258 1997 'iu'
1273 1947 1366 1998 com-

413 2033 587 2114 positione
598 2033 758 2116 sequenti
771 2034 978 2110 nominatos,
991 2029 1251 2111 ordinaverunt,
1266 2051 1364 2097 man-

413 2133 536 2196 dantes
578 2141 619 2196 ut
658 2143 736 2197 cum
776 2123 879 2196 omni
905 2133 1126 2197 festinatione
1167 2134 1224 2197 adx
1243 2127 1367 2215 regem

370 2271 372 2274 -
415 2232 576 2295 Franciae·
595 2232 834 2326 properarent,
860 2232 1044 2314 foedusque
1067 2233 1194 2297 inirent
1220 2251 1299 2296 cum
1325 2252 1367 2296 en

252 2825 329 2874 Tresty

254 2877 349 2914 between

253 2925 353 2964 Seotlsnd

251 2976 295 3016 and
304 2975 395 3014 Brunca.

413 2331 545 2394 meliori
567 2331 669 2395 modo
693 2351 763 2414 quo
782 2338 935 2414 possent,
958 2333 1051 2414 quod
1067 2341 1103 2396 et
1127 2333 1198 2414 ipsi
1209 2331 1366 2396 fecerunt

413 2429 449 2493 in
464 2429 556 2492 hunc
570 2429 722 2494 modum.

508 2655 593 2719 Scoti
606 2656 746 2720 autaut
758 2655 877 2722 Foedus
890 2676 960 2720 cum
975 2655 1056 2740 Rape
1069 2655 1281 2733 Francorum

467 2801 675 2886 Philippus}
700 2805 769 2869 Dei
796 2805 921 2886 gratia,
951 2805 1163 2868 Francorum
1190 2825 1267 2881 rex,
1291 2807 1368 2896 uni·

416 2904 526 2966 versis
541 2903 748 2985 ‘prasentes
761 2905 881 2968 literas
894 2904 1113 2986 inspecturis,
1129 2903 1316 2968 salutemli

468 3001 567 3067 Intc'r
587 3001 672 3081 alia,
694 3012 759 3086 per
781 3003 1100 3088 quaeflregnantium
1122 3011 1160 3067 et
1181 3013 1367 3084 regnorum

408 3103 586 3166 exaltatio
613 3102 1060 3185 procuratumacquiritur·
1084 3102 1180 3186 pacis
1207 3109 1244 3167 et
1270 3109 1364 3168 tran·

415 3201 534 3284 quilla
555 3201 690 3285 ,quietis
706 3202 915 3278 ‘amoenitas
939 3217 987 3265 ac-
1010 3202 1117 3265 loelioi
1142 3208 1178 3266 et
1203 3215 1368 3284 prospero

415 3299 744 3366 statuiconsulitui·
766 3299 1001 3374 subditorum
1029 3299 1115 3364 illud
1142 3301 1291 3378 videtur,
1315 3308 1367 3366 at-

415 3407 515 3464 tenta
534 3396 820 3477 consideratione,
842 3401 1068 3483 praecipuam,
1092 3407 1132 3464 ut
1153 3400 1368 3480 interreges

414 3505 451 3561 et
466 3499 707 3579 regnasolid‘ae
722 3495 883 3570 caritatis
894 3494 1020 3578 unitas,
1032 3505 1068 3567 ot
1083 3493 1193 3563 tidelis
1206 3499 1368 3562 amicitia

415 3597 792 3676 foedera-nutriantur„
839 3667 852 3672 ,.
877 3668 892 3672 ..
1018 3667 1031 3672 .,
1137 3667 1139 3670 .
1305 3613 1349 3673 J

464 3696 592 3780 Sicque
609 3716 709 3780 reges
730 3705 767 3762 et
788 3699 973 3786 principes,
989 3699 1045 3785 ad*
1056 3695 1369 3782 ‘propulsandas'⁸

450 3945 459 3978 ¹
476 3947 539 3998 This
554 3947 606 3996 and
621 3947 664 3996 the
682 3916 814 4010 following
833 3949 880 3996 <lo-
904 3950 962 4011 ingr
979 3948 1009 3997 ol
1026 3948 1070 3998 the
1086 3949 1256 4010 manuscripts
1272 3949 1301 3998 ol
1315 3949 1369 4004 He-

378 4079 382 4084 ‚
415 4022 517 4068 cunrent
539 4017 605 4067 trare
627 4018 692 4067 been
714 4017 825 4067 collater
846 4033 879 4066 on
903 4017 1055 4080 mingburgh
1082 4033 1126 4068 are
1151 4019 1225 4082 giren
1254 4019 1281 4067 in
1305 4019 1368 4067 ioot·

401 4089 611 4150 *contemporary
622 4087 775 4148 earolmenns
791 4087 878 4136 irtthe
900 4091 985 4137 notes.

412 4157 538 4219 'li'easurr
557 4157 587 4206 of
602 4157 645 4206 the
662 4157 771 4218 Becaipt
787 4157 817 4206 of
834 4156 877 4205 the
898 4192 916 4200 „
933 4153 1050 4220 itata(
1061 4158 1137 4208 MSS.

414 4226 582 4288 Exchequer3
611 4226 655 4276 the
678 4228 781 4276 various
804 4226 877 4276 read-¹
938 4223 1265 4290 ’‘propellendae‚’MSS.
