3130 4992
413 481 458 548 38
785 493 995 544 σιιιιοιιιοοιι

266 672 332 764 ffb?
333 673 396 764 391²
416 654 546 737 quasi
533 653 717 729 universis
734 653 769 718 in
785 652 853 716 fine
876 657 1082 733 perventum
1100 656 1154 713 est
1171 649 1215 712 ad
1231 649 1254 715 J
1257 647 1366 712 ohan

254 779 398 791 Q-
416 774 494 819 nem
515 754 559 818 de
575 752 725 817 Balliolo
741 759 776 816 et
798 752 992 818 Robertum
1008 750 1050 814 de
1074 750 1202 832 BruJS,
1219 769 1366 831 quorum

253 817 339 907 85)ιῖιῖ
340 818 364 907 «1t
416 854 539 936 petitio
562 854 612 917 sic
628 852 792 918 brevibus
813 851 1022 915 declaratur.
1065 850 1155 914 Cum
1170 849 1261 914 enirn
1285 868 1365 914 san·

415 955 494 1034 guis
509 954 627 1035 regius
645 952 837 1036 proximior
853 969 929 1015 non
939 957 1133 1033 appareret,
1150 949 1289 1014 tandem
1305 949 1367 1015 ha-

416 1054 509 1118 bitus
535 1059 589 1118 est
615 1071 776 1118 recursus
800 1050 844 1116 ad
863 1050 979 1115 David
1003 1049 1179 1132 quondam
1204 1049 1364 1118 comitem

417 1152 693 1234 Huntingdoniae
735 1158 771 1216 et
805 1150 948 1216 fratrem
980 1149 1148 1215 Willelmi
1190 1148 1364 1232 quondam

415 1253 509 1333 regis
539 1252 679 1328 Scotiae,
712 1251 773 1332 qui
802 1250 1015 1331 temporibus
1048 1248 1195 1314 Henrici
1224 1247 1366 1319 secundi

416 1352 577 1433 regnavit
595 1352 631 1414 in
647 1351 785 1416 Scotia:
809 1349 865 1414 hic
882 1348 1012 1426 David,
1029 1367 1106 1412 cum
1129 1355 1201 1413 tres
1222 1347 1365 1417 haberet

419 1451 519 1526 filias,
540 1451 805 1533 primogenita-m
822 1449 917 1516 dedit
931 1448 968 1514 ‘J
971 1444 1127 1518 ohanni'¹
1143 1447 1186 1516 de
1202 1447 1364 1523 Balliolo,

417 1549 566 1614 mediam
583 1549 722 1615 domino
737 1550 780 1613 de
804 1549 907 1626 Brus,
928 1555 963 1612 et
987 1539 1144 1615 ultimam
1166 1547 1303 1616 domino
1322 1547 1364 1610 de

418 1649 625 1732 Hastinges,
642 1670 688 1714 ex
706 1667 852 1732 quarum
869 1649 1039 1730 sanguine
1055 1648 1213 1731 praedicti
1229 1647 1252 1713 J
1255 1647 1364 1712 oban-

416 1769 478 1813 nes
494 1757 529 1814 et
548 1751 724 1814 Robertus
739 1768 819 1813 cum
836 1748 859 1812 J
861 1748 996 1812 ohanne
1012 1748 1055 1811 dc
1070 1747 1264 1829 Hastinges
1286 1766 1364 1816 suc,-

416 1850 607 1913 cessionem
633 1850 731 1931 regni
754 1848 1005 1927 vendicabantJ
1036 1847 1261 1929 verumquia
1286 1866 1363 1927 reg-

415 1967 497 2012 num
521 1949 624 2013 debet
649 1968 827 2030 nunquam
850 1948 957 2012 dividi
980 1954 1028 2024 et,
1052 1955 1091 2016 ut
1113 1947 1363 2028 aquibusdam

415 2048 607 2126 dicebatur,
634 2048 838 2130 proximiori
866 2047 963 2128 regio
989 2047 1150 2129 sanguini
1177 2046 1363 2124 debeaturJ

416 2148 604 2230 praedictus
627 2148 805 2214 Robertus
831 2146 875 2211 de
898 2147 1026 2229 Bruys‚
1042 2148 1125 2213 licet
1146 2146 1190 2216 de
1211 2146 1365 2216 secunda

414 2265 533 2311 sorore
570 2247 713 2324 exisset,
747 2254 863 2314 tamen
900 2247 951 2317 in,
979 2265 1028 2316 eo,¹
1051 2245 1166 2328 ‘quod
1203 2246 1364 2326 sanguini

415 2346 606 2426 proximior
635 2347 671 2410 in
701 2366 770 2411 uno
800 2353 876 2410 erat
905 2345 1058 2427 gradu?
1085 2346 1186 2428 petiit
1215 2364 1265 2422 se,
1276 2354 1364 2416 tan.-

415 2463 519 2526 quam
540 2445 701 2533 sanguini
716 2446 974 2534 proximiorem,
994 2445 1038 2509 ad
1057 2446 1154 2540 regni
1175 2445 1365 2509 successio·

415 2563 493 2608 nem
520 2545 668 2608 admitti.
722 2545 887 2609 Praedicti
913 2553 1029 2610 tamen
1052 2531 1173 2609 arbitri
1195 2533 1363 2608 rationem

414 2663 484 2708 non
511 2644 745 2721 admittentes,
769 2645 936 2727 predicto
954 2643 1109 2709 Johanni
1133 2645 1176 2708 de
1202 2644 1363 2719 Ballioio,

413 2749 581 2825 tanquam
617 2763 638 2808 c
668 2745 898 2826 primogenita
926 2743 1081 2822 exeunti,
1109 2744 1363 2810 successionem

260 2865 373 3004 ἕῶιιςᾱ..
414 2844 512 2924 regni
538 2843 665 2908 Scotino
684 2842 947 2927 adjudicarunt:
972 2863 1035 2908 rex
1054 2863 1135 2909 voro
1157 2851 1285 2920 noster,
1309 2863 1365 2908 eo·

253 2965 361 3060 mre
414 2960 490 3006 rum
526 2941 805 3026 ‘'approbando³
838 2942 1031 3019 arbitrium,
1064 2944 1175 3011 eidem
1209 2943 1364 3010 Jobanni

414 3061 558 3123 regnum
585 3042 713 3108 Scotiae
742 3063 820 3108 cum
847 3044 941 3106 omui
970 3042 1171 3124 integritate
1199 3043 1364 3119 restituit,

414 3141 513 3206 salvo
528 3143 595 3206 sibi
618 3142 782 3222 homagio
797 3161 862 3206 suo
877 3149 912 3206 et
936 3141 1103 3208 fidelitate
1121 3162 1184 3224 pro
1207 3149 1363 3224 tempore

253 3262 351 3306 uota.
414 3239 647 3306 (ιιιοιοιιιιιιιῧι
703 3242 771 3306 Die
787 3261 869 3306 vero
894 3241 1014 3306 Sancti
1033 3241 1181 3310 Andreae
1201 3241 1363 3324 Apostoli

414 3339 505 3404 idem
522 3339 546 3403 J
548 3341 702 3404 ohannes
717 3341 761 3405 de
778 3340 927 3406 Balliolo
943 3341 1148 3406 effectuscst
1161 3361 1225 3408 rex
1237 3342 1363 3408 Scotiae

414 3456 509 3503 more
522 3438 718 3516 Scotorum,
732 3441 792 3522 qui
806 3441 973 3522 sequitur
997 3441 1103 3524 Apud
1117 3442 1363 3506 monasterium

250 3549 299 3590 ιο
306 3551 370 3642 '’«n
413 3535 457 3600 dc
474 3536 586 3602 Scene
603 3539 739 3620 positus
755 3545 830 3604 erat
844 3539 935 3622 lapis
949 3540 1154 3622 pergrandis
1171 3541 1365 3608 inecclesia

250 3651 324 3700 scone
357 3605 481 3700 Dei
500 3636 608 3720 juxta
632 3638 746 3722 majus
770 3639 893 3716 altare,
919 3659 1094 3706 concavus
1114 3641 1251 3721 quidem
1275 3637 1365 3704 ‘’et⁵

413 3735 616 3801 admodum
637 3737 796 3802 rotundae
816 3738 990 3804 cathedrae
1014 3739 1204 3816 consectus,
1230 3741 1265 3802 in
1293 3760 1363 3822 quo

412 3833 521 3900 futuri
542 3857 642 3919 reges
665 3837 742 3902 ioco
765 3839 865 3921 quasi
889 3840 1124 3903 coronationis
1146 3841 1365 3922 ponebantur

446 4043 454 4076 ¹
470 4047 609 4110 ‘domium'
620 4047 678 4098 MS.
691 4049 787 4100 Laced.
937 4045 1171 4110 '‘amplmtendm’
1198 4050 1274 4099 MSS.
1298 4050 1366 4100 con.

444 4113 454 4142 ¹
471 4117 556 4178 ‘quod
566 4119 691 4182 ninguine
702 4120 773 4180 regio
784 4119 811 4166 in
822 4133 873 4166 uno
901 4118 972 4167 Arm.
983 4119 1033 4166 and
1045 4118 1113 4167 coo.
1123 4119 1181 4166 Tib.

408 4185 489 4244 rado
506 4189 644 4250 pmxirnior
659 4189 797 4250 existerat,’
815 4187 872 4237 MS.
938 4187 1142 4248 “faciendum,’
1153 4188 1211 4236 MS.
1223 4189 1320 4239 hurd.

411 4253 503 4304 bned.
933 4255 944 4284 ⁸
960 4257 1086 4319 Suppiicd
1098 4257 1161 4306 from
1174 4259 1231 4307 MS.
1242 4259 1337 4309 Lunsd.
