3178 4992
396 482 461 548 122
764 494 975 544 onnouroou

246 669 371 759 Regulam}
398 666 471 722 tros
489 656 580 739 regis
603 675 666 720 nee
683 655 795 732 lanae,
811 674 874 718 nec
897 653 1003 729 coria,
1022 671 1086 716 nec
1108 650 1348 742 extraordina-

231 747 381 784 ··’··’··“’
397 759 487 820 rium
513 757 698 840 quicquam
725 773 861 838 capere,
888 760 950 817 aut
978 752 1106 835 aliquid
1134 752 1276 834 exigere
1305 753 1349 814 ab

397 858 536 936 invitis3
564 857 751 939 quinimmo
765 854 1021 918 interdixerunt
1035 853 1085 916 eis
1104 852 1298 932 ingressum
1314 852 1349 914 in

398 964 508 1026 terras
528 974 610 1019 suas
633 956 697 1019 sub
716 973 823 1037 poena
846 953 970 1036 capitis
994 960 1030 1017 et
1049 953 1291 1028 membrorum,
1314 959 1350 1014 et

399 1076 436 1120 se
452 1056 495 1120 ad
514 1055 743 1120 resistendum
760 1055 1016 1137 praeparabant.

428 1275 663 1341 Renouaiiiutur
677 1275 935 1360 Aratispiseopus
946 1274 1181 1339 Cantaurianos
1194 1275 1284 1360 usqu,
1299 1282 1327 1338 et

551 1375 786 1460 transfretando
801 1375 977 1441 Licentiam
991 1376 1108 1460 acepit
1122 1375 1200 1438 Rea.

237 1565 388 1617 resenas·
452 1546 558 1612 Anno
577 1549 720 1612 Domini
738 1565 941 1612 unoxcvn.
955 1569 1031 1626 rex,
1044 1548 1080 1612 in
1095 1568 1159 1612 suo
1172 1547 1352 1631 proposito

238 1617 380 1708 iiiiii&
402 1667 623 1732 permanens,
655 1649 822 1731 praecepit
858 1656 899 1711 ut
929 1667 1048 1713 omnes
1081 1649 1142 1731 qui
1172 1648 1351 1711 servitium

403 1749 468 1812 sibi
491 1748 675 1825 debebant,
692 1756 727 1813 et
753 1767 872 1812 omues
895 1748 955 1812 alii
982 1749 1043 1831 qui
1063 1749 1190 1830 viginti
1207 1747 1352 1812 libratas

402 1854 504 1912 terrae
516 1867 538 1911 a
553 1867 759 1931 quocunque
775 1854 932 1912 tenerent
943 1848 1033 1912 insra
1046 1867 1189 1931 regnum
1203 1846 1352 1930 Angliae,

238 1964 360 2054 {hunf‘b
403 1955 519 2012 essent
532 1947 721 2012 Londoniis
736 1949 772 2011 iu
788 1947 878 2012 sesto
893 1947 988 2012 beati
998 1948 1097 2012 Petri
1114 1949 1158 2012 ad
1174 1945 1350 2024 Vincula,¹

260 2025 296 2064 η’
320 2040 327 2054 ’
403 2049 518 2129 parati
532 2067 611 2112 cum
625 2049 723 2131 equis
739 2055 773 2112 et
789 2047 893 2112 armis
908 2048 951 2112 ad
969 2047 1261 2112 transfretandum
1275 2066 1353 2110 cum

404 2167 445 2210 eo
481 2149 611 2230 absque
640 2148 806 2212 dilatione
842 2149 995 2231 qualibet
1026 2148 1083 2211 vel
1117 2149 1352 2212 excusatione.

405 2245 564 2330 Cumque
581 2249 758 2312 venisseut
779 2247 918 2325 ibidem,
942 2247 1111 2330 multique
1127 2249 1283 2312 viderent
1300 2267 1353 2312 re·

404 2367 484 2428 gem
500 2349 536 2410 in
553 2347 692 2430 incepto
709 2349 888 2432 proposito
912 2367 1125 2430 permanere,
1140 2348 1302 2413 dixerunt
1320 2348 1352 2412 ei

404 2455 605 2527 magnatum
634 2447 789 2530 quidam,
811 2453 834 2482 ‘⁸
849 2447 931 2512 Non
953 2449 1106 2530 expedit,
1137 2447 1167 2512 Ο
1191 2467 1267 2525 rex,
1290 2467 1353 2512 nec

404 2547 534 2610 honum
552 2554 607 2611 est
630 2547 681 2623 sio
701 2547 938 2624 transfretare,
961 2547 1040 2625 nisi,
1065 2549 1177 2631 primo
1200 2549 1353 2612 reconci-

405 2645 491 2709 liato
514 2653 613 2728 patre
637 2653 698 2711 tuo
722 2646 895 2729 spirituali
918 2646 1162 2712 Cantuariensi
1184 2647 1354 2731 archiepi-

406 2764 512 2827 scopo
525 2754 560 2809 et
572 2747 792 2829 magnatibus
802 2747 885 2824 tuis,
896 2749 1083 2812 inveniaris
1098 2757 1134 2812 et
1143 2749 1218 2832 ipse
1228 2748 1265 2811 iu
1276 2749 1352 2812 sinu

242 2870 384 2920 ausuaga
406 2845 527 2910 matris
558 2846 714 2910 ecclesiae
740 2847 978 2912 numeratus.”
1030 2845 1080 2912 At
1102 2847 1161 2912 ille
1178 2848 1216 2936 in
1239 2867 1276 2912 se
1302 2867 1354 2910 re-

243 2922 364 2962 reaouassed
371 2925 394 2960 to

243 2973 349 3012 neuen.
407 2963 541 3022 versus,
558 2947 731 3011 stridens
751 2946 816 3011 hoc
827 2949 962 3031 justum
977 2965 1053 3010 esse
1073 2955 1109 3012 et
1126 2946 1252 3011 rationi
1275 2967 1354 3012 oon·

242 3023 381 3122 'additia
406 3061 543 3122 sonum,
552 3067 635 3110 mox
649 3047 817 3111 accersito
828 3046 1071 3111 Cantuarieusi
1084 3047 1354 3130 archiepiscopo,

407 3147 467 3228 qui
489 3165 643 3228 praesens
669 3147 801 3223 aderat,
828 3153 863 3210 et
888 3148 981 3210 omni
1010 3165 1155 3211 rancore
1183 3148 1354 3230 deposito,

406 3245 521 3328 ipsum
537 3267 613 3310 oum
633 3247 706 3310 suis
717 3247 753 3310 in
764 3246 1015 3329 specialitatem
1029 3248 1159 3329 recepit
1174 3248 1355 3330 pristinam

407 3352 442 3409 et
457 3345 624 3429 maj0rem
643 3345 818 3424 adauxit,2
838 3346 1014 3410 confidens
1032 3348 1124 3410 enim
1142 3348 1184 3410 de
1200 3348 1356 3411 bonitate

407 3445 517 3527 ipsius
535 3452 570 3510 et
586 3446 783 3509 constantia
798 3465 916 3509 curam
935 3454 970 3511 et
984 3447 1175 3511 custodiam
1193 3446 1357 3510 Edwardi

406 3543 468 3606 filii
497 3544 552 3608 sui
582 3553 618 3608 et
644 3546 751 3608 totius
783 3552 885 3608 terrae
917 3545 1068 3629 Angliae,
1099 3547 1263 3631 adjuncto
1290 3544 1357 3608 sibi

405 3819 406 3822 Ἴ
443 3761 531 3814 ¹'l'his
553 3765 613 3814 date
636 3766 659 3814 is
678 3765 817 3827 supported
834 3767 869 3828 by
893 3769 1043 3816 restoration
1067 3769 1096 3816 of
1119 3769 1162 3817 the
1184 3767 1358 3828 archbishop's

357 3845 359 3848 ·
406 3835 591 3898 Walsingham,
598 3837 645 3884 but
652 3837 787 3898 according
794 3840 820 3884 to
826 3836 869 3885 the
894 3837 938 3899 lay
949 3838 1003 3887 iees
1013 3840 1036 3887 is
1045 3839 1130 3888 dated
1146 3842 1173 3888 at
1183 3839 1360 3888 Westmiuster

406 3907 465 3954 writ
483 3907 585 3954 entered
598 3920 631 3954 ou
649 3906 692 3954 the
707 3907 766 3954 Rot.
780 3905 869 3956 Glaus.
895 3922 927 3954 on
939 3908 980 3956 the
993 3909 1052 3956 llth
1064 3909 1093 3956 os
1105 3909 1179 3971 July,
1190 3909 1250 3970 and,
1261 3908 1358 3970 shortly

407 3979 439 4026 25
458 3977 534 4026 Edw.
551 3976 620 4026 Lm.
633 3979 674 4038 14,
685 3977 712 4026 d.
730 3976 791 4037 they
803 3991 870 4026 were
895 3977 969 4039 aster,
979 3977 1022 4026 the
1034 3979 1105 4040 King
1115 3983 1195 4027 wrote
1205 3983 1231 4026 to
1247 3977 1290 4026 the
1301 3978 1358 4027 she-

408 4046 556 4095 summoned
566 4051 592 4094 to
600 4047 632 4094 be
641 4048 720 4108 ready
731 4051 757 4094 at
767 4046 870 4094 London
895 4047 950 4096 riffs
968 4051 994 4095 to
1016 4053 1115 4109 protect
1136 4049 1187 4096 and
1205 4049 1298 4097 defend
1316 4048 1359 4096 tha

406 4131 439 4164 on
448 4116 554 4178 Sunday
560 4121 622 4166 next
632 4117 697 4166 after
705 4117 748 4166 the
760 4117 870 4166 Octares
896 4118 982 4179 clergy
993 4119 1020 4166 in
1037 4119 1140 4180 general
1154 4118 1217 4168 from
1229 4119 1264 4168 all
1275 4119 1360 4180 injury

406 4186 436 4234 oi
444 4186 481 4235 St.
493 4187 562 4236 John
572 4187 615 4236 the
627 4187 849 4251 Baptist,Ju1yr.
896 4189 946 4236 and
957 4187 1126 4240 molestatiou.

441 4251 451 4281 ²
472 4256 526 4306 The
548 4257 608 4306 writ
629 4257 806 4322 commandiug
827 4257 870 4306 the
