3138 4988
403 493 574 541 winrnnr
599 493 646 541 nn
669 495 953 544 numinenuncn.
1096 483 1162 546 337

261 649 467 728 Edwardus',
502 651 569 716 Dei
595 655 721 734 gratia,
751 673 812 718 rex
840 654 998 719 Franciae
1024 665 1060 720 et
1087 656 1160 719 'An-
1174 675 1265 716 unwan
1280 675 1324 715 111.

209 748 302 827 gliae,
322 749 480 814 dominus
497 750 687 842 Hiberniae,
704 754 862 816 omnibus
878 755 1045 836 praelatis,
1057 757 1162 819 corni·
1174 726 1326 844 hanam
1412 755 1418 766 '

205 847 313 924 tibus,
330 850 530 927 baronibuS,
542 851 726 928 nobilihuS,
738 854 1046 936 communibusque
1061 856 1161 936 regni
1174 855 1313 943 ξξξξξξςη,

210 945 379 1025 Franciae,
405 949 643 1032 cujuscunque
671 951 800 1015 fuerint
825 952 1045 1030 conditionirr,
1072 955 1158 1018 veri·
1173 953 1319 1049 {getssj'gffi

1173 1054 1290 1093 odmen.
1311 1081 1313 1090 .

209 1188 329 1249 seigneur
349 1188 382 1236 de
407 1187 537 1250 lrelonde,
553 1204 569 1238 a
585 1194 670 1238 tontes
698 1205 729 1240 en
740 1195 809 1239 tantz
817 1207 867 1252 que
876 1207 940 1241 nous
948 1207 1053 1254 pouems
1064 1207 1162 1254 eyeser,

208 1258 302 1318 pieres,
319 1258 437 1318 prelatos,
457 1258 545 1320 duces,
556 1264 669 1322 countes,
698 1265 723 1308 et
740 1261 780 1308 lez
798 1261 901 1310 liberter
920 1267 946 1310 et
962 1263 1001 1310 lez
1019 1264 1161 1325 priveleges

208 1327 327 1385 boronus,
343 1327 440 1386 nobles,
457 1331 483 1375 et
500 1342 619 1378 comunes
637 1329 669 1376 de
697 1329 730 1378 de
747 1335 821 1390 seynt
837 1331 917 1390 eglise
929 1335 1074 1392 meyntener
1084 1337 1110 1380 et
1120 1347 1160 1380 ee-

208 1396 302 1445 realme
325 1396 357 1444 de
383 1397 507 1458 Fraunce,
535 1397 568 1446 de
596 1397 670 1458 quele
697 1399 1160 1467 pecinlmentdefendreunotrepoer3

208 1466 671 1527 estateoucondicionqueiieseyunt,
696 1469 764 1517 etsi
784 1469 879 1516 voloms
902 1474 958 1517 tout
982 1469 1044 1518 foith
1068 1483 1096 1518 ee
1115 1471 1160 1518 ho-

208 1535 360 1584 conieaunce
382 1536 414 1583 de
443 1536 530 1586 verite.
571 1537 671 1586 Purceo
697 1538 798 1598 eoignee
810 1539 842 1586 de
861 1539 954 1587 realme
967 1539 1038 1588 avoir
1052 1543 1078 1588 et
1088 1554 1160 1590 serre

207 1618 258 1663 que
276 1604 372 1652 notorie
388 1604 463 1652 chose
480 1609 585 1666 estque
602 1621 671 1653 mon·
697 1606 761 1654 hone
776 1608 885 1655 conseile
905 1608 937 1656 de
951 1609 1029 1668 piers,
1041 1609 1160 1670 prelatus,

209 1672 395 1721 eieurCherlee
413 1674 445 1721 de
463 1673 527 1721 hone
545 1676 671 1735 memorie,
696 1675 793 1735 nobles,
802 1681 827 1724 et
834 1681 922 1724 antrez
933 1691 1016 1738 suges,
1025 1692 1088 1725 noue
1096 1678 1160 1726 seals

209 1743 319 1804 nudgers
332 1757 377 1803 roy
389 1743 420 1791 de
436 1742 560 1806 Frauoce,
576 1749 672 1793 morust
697 1759 728 1792 en
735 1744 774 1792 dit
781 1745 883 1806 realme,
890 1759 969 1793 suune
977 1747 1030 1794 rien
1037 1747 1160 1808 eodeyne-

207 1811 269 1858 seisi
280 1811 471 1860 heritahlement
487 1812 523 1859 du
534 1813 627 1860 reulme
639 1814 671 1861 de
697 1818 765 1862 ment
779 1829 811 1863 ou
823 1814 1032 1864 voluntairement
1047 1815 1109 1864 faire
1126 1831 1158 1863 ou

208 1880 333 1942 Freunee,
344 1885 370 1928 et
378 1895 428 1942 que
436 1895 500 1929 nous
508 1895 596 1930 sumen
606 1883 648 1929 fitz
656 1897 672 1930 u
696 1896 833 1931 comenser.
869 1883 903 1930 Et
919 1898 982 1931 vous
993 1884 1074 1932 dioms
1086 1899 1102 1932 a
1116 1885 1160 1932 de-

207 1949 234 1998 lo
250 1963 307 1998 seor
323 1965 442 2012 gerniayn
459 1950 494 1998 du
505 1951 544 1998 dit
554 1952 672 2011 seigneur
696 1955 837 2012 certosque
855 1965 920 2000 nous
937 1952 1077 2012 desyreune
1088 1966 1159 2002 eove-

193 2018 333 2080 ⁸Churles3
356 2034 430 2081 apres
449 2034 498 2080 que
515 2024 580 2068 mort
598 2020 672 2068 ledit
696 2025 826 2080 reyument
848 2035 898 2081 que
920 2021 990 2069 Dieu
1018 2035 1064 2082 per
1088 2027 1159 2070 notre

207 2089 301 2138 reelme
312 2089 344 2138 de
361 2089 476 2138 Fraunoe
492 2103 556 2138 none
574 2094 613 2138 eet
627 2104 671 2138 no-
696 2089 809 2149 treveyle
827 2094 853 2138 et
868 2090 901 2137 de
918 2089 980 2138 bone
995 2094 1161 2152 gentzmeyst

208 2162 343 2207 torrement
377 2173 425 2219 per
458 2158 525 2205 droit
559 2158 671 2220 heritage
697 2164 892 2219 peesetemour
906 2163 975 2208 entre
990 2159 1159 2220 Gristiens,et

209 2228 314 2276 eschutz
336 2232 362 2276 et
383 2227 494 2287 devolet,
506 2232 532 2274 et
553 2242 604 2288 que
621 2229 671 2276 sire
696 2233 837 2276 nomemeut
853 2233 922 2276 entre
938 2243 1012 2290 nous,
1022 2229 1156 2290 issintque

208 2296 296 2358 Philip
308 2297 340 2345 de
351 2297 446 2357 Valeye
463 2296 504 2343 fitz
521 2297 544 2345 el
563 2296 636 2346 uncle
647 2298 671 2344 le
697 2311 732 2344 un
750 2311 817 2346 orme
834 2297 866 2346 de
884 2297 1020 2346 Cristienes
1038 2313 1065 2347 se
1085 2301 1160 2360 pourss

207 2366 246 2413 dit
264 2367 314 2414 nire
332 2365 438 2414 charles
456 2370 482 2413 et
499 2366 545 2414 issi
562 2380 593 2413 en
613 2367 671 2426 plus
696 2371 751 2414 rent
762 2366 825 2414 faire
838 2380 868 2414 en
880 2366 938 2414 heet
948 2367 1037 2415 devere
1050 2368 1074 2415 le
1082 2369 1159 2416 Terre

209 2435 284 2497 longe
299 2441 366 2496 tyme
384 2435 476 2496 degree
488 2449 538 2495 que
555 2449 619 2484 noue
639 2450 670 2483 ne
696 2434 788 2498 Seynte
816 2449 881 2496 pour
907 2436 934 2484 le
961 2435 1085 2490 deliverer
1111 2437 1159 2486 dez

209 2517 309 2560 eumue.
319 2505 388 2554 read
399 2505 476 2556 hatuz
486 2508 589 2552 countre
602 2504 671 2553 Dieu
696 2517 784 2564 meyns
800 2503 847 2552 des
864 2517 1034 2566 mesoreeuns,
1052 2520 1069 2553 n
1085 2507 1160 2569 quele

209 2579 235 2622 et
245 2574 356 2623 droiture
368 2588 400 2622 en
414 2573 438 2621 le
450 2573 488 2623 dit
505 2573 598 2622 renlrne
610 2579 671 2624 laun
696 2573 772 2622 chose
794 2573 820 2622 nl
836 2573 902 2634 eyde
919 2574 988 2622 Dieu
1006 2589 1070 2623 noue
1087 2589 1160 2637 espe-

208 2657 278 2692 come
296 2648 417 2692 estounue
432 2643 464 2691 de
478 2642 597 2702 meyndre
615 2657 671 2705 age,
696 2657 772 2692 roms.
789 2643 823 2690 Et
833 2643 905 2691 rolez
911 2644 1030 2692 entendre
1038 2658 1089 2704 que
1096 2659 1160 2694 nous

208 2717 235 2761 et
253 2714 278 2761 le
294 2713 382 2779 detynt
399 2727 431 2760 en
448 2726 479 2774 cy
494 2717 671 2761 tourceuouee-
696 2726 783 2760 evomo
794 2717 882 2760 covent
892 2713 1001 2761 muunde
1018 2713 1043 2760 al
1060 2714 1099 2761 dit
1109 2715 1159 2774 sire

209 2786 285 2830 ment.
296 2783 324 2830 Si
331 2796 417 2830 evome
424 2795 471 2841 per
477 2775 541 2830 boue
548 2785 573 2829 et
580 2787 672 2842 greum
697 2779 785 2842 Philip
793 2782 912 2842 plusonrs
924 2783 1071 2830 resonahlez
1081 2797 1159 2843 voyez

209 2851 375 2899 deliberetion
386 2865 417 2898 en
426 2849 549 2898 effieunce
559 2850 592 2898 de
600 2851 669 2898 Dieu
696 2850 728 2898 de
740 2864 811 2910 pecs,
823 2864 876 2898 mes
893 2851 912 2897 il
928 2851 979 2899 nod
991 2851 1049 2898 volu
1061 2857 1160 2900 esenter

209 2925 235 2968 et
244 2921 277 2969 de
285 2921 362 2968 bones
373 2923 462 2981 gentez
473 2919 557 2979 enpris
568 2919 593 2966 le
604 2934 671 2967 noun
696 2919 764 2968 nulle
775 2919 820 2968 tiel
831 2933 894 2978 voye
909 2919 972 2968 faire
986 2934 1002 2968 a
1013 2925 1086 2982 nous,
1097 2935 1159 2981 eyns

208 2995 235 3038 et
245 2990 269 3037 le
281 2993 474 3050 gouvernement
480 2987 523 3034 del
530 2988 568 3035 dit
578 2988 671 3036 reahne
696 3003 760 3037 nous
771 2988 804 3035 ad
816 2987 946 3050 degwerre
957 2992 983 3037 et
995 3003 1060 3036 nous
1073 2990 1160 3051 altres,

210 3073 305 3107 comme
312 3072 376 3106 nous
383 3057 510 3115 devioms3
521 3057 576 3104 etei
584 3071 671 3104 snmus
696 3062 721 3105 et
738 3071 765 3105 se
782 3057 873 3105 afforce
890 3071 906 3104 a
922 3071 986 3104 nous
1003 3057 1100 3106 descire
1117 3073 1159 3106 en·

207 3143 240 3176 en
261 3128 339 3176 ferme
362 3140 454 3188 porpoe
476 3127 508 3193 de
531 3125 593 3174 faire
616 3141 671 3187 gre·
695 3127 811 3174 tierment
830 3140 923 3174 aeeon
941 3139 1010 3186 poer.
1046 3127 1080 3174 Et
1096 3141 1160 3194 ensy

209 3198 349 3246 oiousment
370 3211 401 3244 en
423 3210 474 3244 eur
501 3195 546 3255 qui
568 3195 672 3243 volount
696 3209 784 3243 snmus
806 3194 884 3243 chace
906 3208 953 3256 per
980 3195 1103 3244 necessite
1126 3195 1159 3245 de

209 3267 273 3316 inire
283 3280 340 3314 vers
360 3279 424 3313 nous
440 3265 498 3312 lour
512 3264 623 3325 devyer:
646 3270 671 3313 et
695 3279 760 3312 nous
771 3264 900 3325 deiendre,
911 3268 937 3311 et
953 3279 1017 3312 nous
1033 3264 1159 3315 droitures

209 3341 328 3395 neetmye
339 3339 422 3382 nostre
430 3334 561 3382 entencion
569 3333 602 3382 de
608 3348 671 3382 vous
697 3333 865 3395 pourchueer;
880 3338 906 3381 et
920 3339 1077 3394 verreyment
1092 3349 1157 3383 nous

208 3406 272 3454 toler
289 3419 357 3453 noun
374 3404 494 3452 duement
512 3418 575 3451 vous
597 3403 672 3464 droy·
696 3417 727 3450 ne
748 3416 878 3464 quer-roms
899 3416 957 3463 mye
979 3403 1105 3451 mortalite
1126 3419 1158 3451 ne

209 3481 288 3533 tures,
296 3488 350 3522 mes
361 3487 478 3533 peneoms
490 3473 523 3520 de
533 3471 597 3520 faire
605 3472 671 3521 droi-
696 3476 925 3533 empoveroeement
938 3471 970 3519 de
985 3473 1086 3534 poeple,
1096 3487 1158 3534 eyns

209 3549 266 3592 ture
284 3559 301 3592 a
319 3546 397 3604 toutz,
415 3542 490 3590 etde
508 3541 615 3603 prendre
632 3542 672 3590 lez
696 3542 834 3590 deeeiroms
851 3556 902 3602 que
919 3555 965 3590 eus
976 3545 1002 3589 et
1014 3541 1070 3589 lour
1087 3543 1159 3590 biens

208 3614 288 3661 bonez
305 3613 378 3672 leyez
391 3616 416 3660 et
432 3617 539 3660 costoms
551 3611 596 3671 qui
616 3611 671 3660 sue-
697 3617 786 3672 soyent
797 3625 899 3660 sauvez.
925 3611 978 3659 Per
990 3612 1051 3670 quoi
1062 3612 1158 3660 volome

208 3686 264 3730 rent
275 3695 306 3728 en
322 3685 403 3741 tempe
421 3695 485 3728 noue
496 3680 671 3741 progenitours
697 3685 722 3729 et
733 3685 859 3742 grentoms
871 3680 903 3728 de
921 3683 991 3730 notre
1009 3681 1073 3732 bone
1084 3695 1159 3742 grace

210 3751 297 3799 Solent
305 3750 409 3808 Lowes;
420 3754 445 3798 et
454 3750 544 3797 uuxiut
552 3753 608 3797 uest
614 3763 670 3809 mye
696 3754 722 3798 et
738 3750 769 3798 de
781 3751 873 3798 bounte
886 3763 936 3809 que
947 3753 1017 3796 toutz
1035 3749 1075 3796 lez
1086 3754 1159 3810 gentz

209 3823 292 3867 nostre
314 3819 416 3866 volunte
437 3818 470 3865 de
498 3831 574 3878 quere
602 3823 671 3867 notre
696 3819 732 3866 du
749 3818 786 3865 dit
803 3818 905 3877 realme,
916 3817 948 3864 de
966 3818 1026 3876 quel
1042 3822 1109 3866 estut
1125 3833 1158 3866 ou

210 3902 276 3950 guyn
294 3892 319 3935 et
337 3892 406 3934 votre
423 3886 530 3947 damage
549 3900 613 3947 pour
631 3901 671 3935 es·
697 3887 829 3935 condicion
840 3886 890 3946 qils
906 3889 1003 3946 eoyent,
1016 3899 1043 3933 se
1058 3887 1161 3933 volount

210 3957 341 4018 chaungez
352 3955 384 4004 de
395 3969 514 4015 moneyes
525 3970 557 4003 ou
571 3969 617 4016 per
628 3970 671 4002 ex·
696 3955 814 4003 ndrescer
825 3969 841 4002 a
852 3969 916 4002 nous
924 3968 994 4002 corne
1002 3967 1066 4006 noue
1078 3953 1160 4002 chiere

209 4027 307 4076 actione
331 4040 363 4072 ou
387 4038 433 4086 par
456 4024 581 4071 maltoltee
603 4024 673 4072 nient
696 4029 722 4071 et
744 4037 808 4070 noue
825 4022 900 4084 leals,
915 4023 1007 4070 sicome
1024 4023 1064 4070 loz
1080 4023 1160 4070 boner

209 4097 283 4144 duee.
320 4094 374 4142 Kar
385 4094 412 4142 la
425 4092 589 4152 Dieumercp⁷
600 4106 672 4140 assez
698 4097 771 4154 gentz
782 4093 813 4140 de
825 4105 889 4151 pays
901 4091 933 4140 de
946 4090 1088 4138 Flaundrez
1099 4097 1161 4140 ount

208 4179 295 4213 avoms
317 4178 383 4224 pour
401 4166 470 4210 notre
488 4165 568 4210 estate
585 4175 671 4220 meyn-
697 4162 752 4222 fait,
769 4176 800 4209 en
817 4160 925 4222 regardo
942 4160 974 4207 de
991 4160 1061 4208 Dieu
1082 4165 1108 4208 et
1127 4161 1159 4208 de

208 4240 287 4293 tener,
298 4232 470 4294 eymevoloms
482 4235 672 4291 noueengettez
698 4236 766 4280 notre
786 4230 860 4292 droit,
886 4234 912 4282 ¹et
932 4243 997 4278 nous
1016 4235 1160 4278 reconuetre

256 4349 335 4395 VOL.
356 4349 396 4395 ll.
990 4345 1009 4390 Z
