3126 4986
158 636 160 640 ⁴
249 630 340 669 Edward

249 683 274 718 A.
282 681 308 718 D.
319 630 376 718 12811.

178 1537 181 1542 ·
238 1529 284 1567 The
293 1527 336 1566 Iole
344 1527 368 1566 ot

239 1578 345 1626 Angleeey

239 1629 347 1678 captured.

399 447 441 508 10
765 460 974 508 canonicor

399 626 526 683 cuntur
551 619 723 694 incidisse,
753 619 797 681 ab
825 616 997 680 universis
1026 623 1061 678 et
1091 613 1237 696 singulis
1267 616 1348 678 sub-

398 719 479 783 ditis
501 719 572 782 suis
598 738 661 800 per
682 717 861 781 universas
886 716 1053 779 dioeceses
1074 715 1211 796 publice
1233 722 1269 778 et
1291 733 1346 777 so-

398 818 557 881 lemniter
584 817 783 881 denunciari
810 817 964 880 fecerent
993 814 1310 878 excommunicatos
1324 811 1347 877 :¹

399 917 544 981 credidit
563 917 667 993 enim,
685 924 720 980 et
742 915 881 999 adjecit,
896 914 989 998 quod
1009 933 1128 977 eorum
1148 913 1288 977 rebellio
1311 921 1347 977 et

400 1017 535 1080 malitia
556 1016 728 1079 mediante
743 1015 923 1098 juvamine
942 1011 1049 1095 gladii
1069 1012 1270 1096 spiritualia,
1289 1014 1347 1094 qui

399 1117 436 1180 in
449 1115 644 1198 hujusmodi
656 1134 739 1178 casu
747 1114 872 1197 juvare
883 1113 1084 1189 dinoscitur,
1098 1133 1160 1195 per
1170 1111 1346 1175 brachium

401 1215 557 1279 seculare
594 1215 728 1278 facilius
766 1215 1042 1296 reprimerentur.
1107 1212 1240 1276 Deinde
1271 1231 1346 1287 rex,

402 1322 613 1395 congregato
645 1314 800 1376 exercitu
831 1313 983 1395 copioso,
1019 1312 1194 1393 profectus
1223 1317 1276 1374 est
1312 1311 1347 1372 in

403 1413 569 1478 Walliam
585 1411 730 1476 ‘circa’2
745 1414 870 1476 festum
888 1411 1126 1488 Pentecostes,
1142 1418 1176 1475 et
1191 1417 1348 1474 coarcta-

404 1514 455 1576 rit
470 1533 530 1577 eos
551 1521 590 1577 ut
610 1513 648 1575 in
665 1510 861 1576 ‘montes’³
881 1511 1115 1576 ascenderent.
1168 1510 1349 1573 Marinarii

403 1614 507 1678 etiam
522 1613 565 1676 de
579 1612 748 1694 portubus
760 1619 903 1693 agentes
916 1612 1081 1686 animose,
1093 1617 1129 1674 et
1142 1609 1295 1691 periculo
1310 1627 1348 1672 se

402 1712 581 1776 credentes
603 1713 782 1787 immense,
800 1718 965 1793 ceperunt
986 1709 1135 1773 insulam
1157 1709 1199 1772 de
1217 1707 1348 1789 Angla·

403 1831 479 1893 say,
497 1812 626 1893 sugatis
643 1810 878 1876 Wallensibus
900 1817 936 1873 et
957 1809 1129 1890 aliquibus
1149 1807 1348 1872 interfectis,

404 1911 451 1974 Et
474 1911 524 1973 ait
545 1930 620 1987 rex,
641 1916 665 1946 “
674 1910 697 1973 J
700 1930 756 1972 am
782 1907 982 1986 LeulinuS,”
1010 1910 1134 1990 inquit,
1163 1908 1350 1989 “perdidit

403 2009 632 2092 pulchriorem
648 2028 798 2090 pennam
818 2009 926 2072 totius
940 2008 1060 2072 caudae
1075 2008 1182 2083 suae,”
1200 2007 1349 2088 fecitque

404 2109 478 2171 fieri
499 2115 640 2190 pontem
664 2108 757 2171 ultra
778 2126 904 2190 aquam
925 2103 1130 2171 ‘Maneth'⁴
1150 2106 1194 2169 ad
1216 2107 1348 2187 ingres·

404 2227 481 2270 sum
507 2209 550 2270 de
574 2207 748 2270 Snawdon
771 2224 877 2288 super
903 2226 1010 2270 naves
1042 2206 1169 2269 multas
1197 2206 1241 2269 ad
1261 2207 1350 2269 invi·

406 2325 480 2369 cem
506 2305 721 2388 conjunctas,
748 2305 948 2386 compositis
972 2306 1077 2386 lignis
1100 2311 1137 2368 et
1160 2298 1351 2389 conjunctis

407 2405 534 2469 tabulis
552 2424 657 2486 super
669 2405 765 2486 ipsas
780 2423 887 2468 naves
911 2406 961 2468 ita
978 2404 1070 2487 quod
1090 2405 1126 2466 in
1147 2403 1261 2470 fronte
1283 2424 1352 2467 una

407 2505 555 2568 transire
569 2511 712 2586 possent
727 2521 788 2566 nx.
807 2505 942 2568 armati.
995 2504 1158 2585 Dumque
1176 2510 1268 2568 esset
1289 2523 1352 2566 rex

407 2605 443 2667 in
458 2610 573 2667 castro
591 2602 831 2685 Abreconway
847 2622 911 2666 nec
934 2603 1046 2666 adhuc
1065 2605 1213 2666 transire
1233 2621 1353 2686 paras-

406 2711 472 2779 set,
496 2722 576 2766 eece
598 2703 738 2785 quidam
760 2723 805 2766 ex
828 2703 956 2767 nostris
974 2719 1038 2766 vn.
1061 2703 1162 2784 quasi
1182 2703 1354 2766 baneretti

407 2822 485 2867 cum
506 2819 581 2865 coc.
597 2800 724 2885 ‘feress⁵
740 2803 892 2878 armatis
917 2809 957 2865 ut
976 2801 1112 2866 laudem
1138 2804 1354 2884 acquirerent

408 2909 444 2966 et
461 2921 585 2966 nomen
608 2902 793 2977 curiosum,
809 2900 953 2964 necdum
975 2908 1079 2984 ponte
1096 2900 1198 2983 plene
1218 2902 1354 2966 firmato

407 3012 442 3065 et
451 3002 616 3084 perfecto,
626 3001 799 3064 incautius
807 3001 1028 3076 transierunt,
1041 3009 1076 3064 et
1086 3001 1151 3064 hoc
1165 3001 1201 3063 in
1212 3000 1355 3065 descen·

407 3120 447 3164 su
473 3121 573 3183 aquae
600 3108 636 3164 et
668 3121 761 3182 aqua
782 3107 954 3179 retrecta3
981 3119 1128 3182 cumque
1150 3100 1356 3166 lustrassent

407 3201 511 3283 podes
535 3201 715 3277 montium,
744 3209 779 3264 et
802 3209 919 3264 essent
944 3219 965 3262 a
985 3207 1090 3282 ponte
1108 3201 1357 3281 aliquantisper

408 3301 544 3376 remoti,
566 3319 739 3382 superque
755 3301 930 3363 venissent
946 3299 1072 3363 fluctus
1093 3300 1266 3381 marisque
1284 3300 1357 3362 ‘in-

408 3391 616 3462 undantia'⁶
639 3399 690 3462 ita
713 3397 803 3480 quod
825 3398 868 3462 ad
887 3405 1028 3481 pontem
1048 3399 1158 3464 redire
1181 3417 1250 3461 uon
1277 3418 1356 3479 pos·

409 3505 488 3560 sent
508 3516 581 3578 pree
605 3517 698 3578 aqua
721 3498 837 3574 nimia,
860 3498 989 3580 egressi
1012 3505 1094 3562 sunt
1115 3497 1312 3562 Wallensas
1336 3517 1357 3561 a

444 3709 450 3738 ¹
469 3707 733 3769 Tthing'sletterto
742 3709 784 3757 the
794 3707 874 3758 Arch-
933 3705 1083 3772 '‘coutra,'
1104 3715 1180 3762 MSS.
1200 3710 1267 3761 0011.
1287 3712 1359 3761 Arm.

407 3776 497 3837 bishop
523 3777 551 3824 of
573 3777 740 3839 Canterbury‚
762 3778 874 3840 desiring
899 3780 949 3828 and
961 3778 1028 3829 Oott.
1039 3781 1096 3828 Tib.

408 3861 424 3894 a
446 3851 562 3894 sentence
584 3847 613 3894 of
631 3849 873 3896 excommunication
934 3846 944 3876 ³
960 3849 1103 3912 ‘montem‚’
1116 3847 1192 3897 MSS.
1204 3848 1271 3899 Coll.
1283 3851 1354 3899 Arm.

408 3916 507 3978 against
514 3916 556 3964 the
565 3915 652 3964 Welsh
664 3917 755 3979 rebels,
762 3919 785 3966 is
796 3918 873 3966 dated
898 3919 949 3969 and
961 3918 1028 3968 cort,
1039 3919 1097 3968 Tib.

408 3991 434 4034 at
445 3985 556 4034 Devizes
567 4000 599 4033 on
611 3985 653 4033 the
664 3986 724 4036 esth
733 3987 762 4034 oi
771 3987 872 4047 March,
933 3985 943 4017 ⁴
959 3987 1089 4050 ‘Mench,'
1101 3988 1158 4037 MS.
1171 3987 1265 4040 Lausd.

408 4059 481 4104 1282.
511 4056 569 4104 Rot.
582 4056 661 4106 Wall.
682 4059 712 4104 lc
730 4055 780 4106 Ed.
798 4058 821 4107 Ι.
837 4072 871 4108 m.
932 4055 942 4084 ⁵
959 4058 1055 4120 ‘feris,'
1063 4058 1140 4108 MSS.
1149 4057 1214 4108 0011.
1226 4059 1298 4109 Arm.
1311 4060 1361 4108 aud

409 4128 449 4187 10,
467 4126 493 4174 d,
511 4125 537 4173 in
553 4126 627 4176 Turr.
645 4127 744 4187 Lond.;
769 4127 872 4190 Rymer,
898 4126 965 4176 cott.
976 4128 1033 4177 Tib.

408 4193 526 4256 Foedera,
537 4196 555 4244 i.
568 4199 625 4244 603.
933 4194 943 4224 ⁶
960 4197 1362 4260 ‘inhabundantia,'MS.Lansd.
