3138 4988
415 441 583 504 wanrnnr
607 444 654 490 nn
678 445 961 496 unuruonuncu.
1088 433 1152 496 271

203 601 405 664 duxerimus
437 603 699 668 ordinandnm.''
760 605 967 687 Placuitque
998 607 1067 672 ista
1098 627 1152 671 re·
1176 623 1266 664 reward
1276 623 1307 663 11·

203 702 344 781 sponsio
360 702 506 780 cunctiS,
523 710 558 766 et
581 703 805 769 elevaverunt
827 725 950 769 manus
970 705 1005 769 in
1027 707 1153 770 ooelunr
1165 674 1315 738 Q

203 800 357 863 universi
386 802 445 882 qui
482 801 638 877 aderant,
674 813 906 886 praeterquam
939 804 1007 869 duo
1037 807 1154 870 nuncii
1206 883 1209 890 .

204 898 310 974 missi,
325 919 440 964 comes
455 901 586 966 scilicet
597 901 809 967 Lancastriae
823 910 859 967 et
874 903 1034 968 dominus
1046 905 1153 987 Hugo

204 996 237 1059 le
267 997 477 1080 Desponser·
530 1000 576 1064 Et
604 1020 719 1064 comes
752 1003 796 1064 ad
832 1021 910 1067 eos:
939 1003 1046 1067 “Cur
1075 1024 1153 1068 cum
1199 1080 1201 1085 Ι

204 1097 340 1161 caeteris
349 1115 471 1161 manus
483 1118 553 1162 non
562 1099 719 1176 elevatis,
734 1120 847 1164 nonne
861 1102 1040 1166 nobiscum
1051 1122 1153 1184 pares

205 1194 288 1258 estis
312 1203 348 1260 et
377 1205 555 1261 consortes
580 1199 615 1260 in
639 1201 773 1279 regno?
800 1200 889 1264 vivit
914 1201 1097 1278 Dominus,
1123 1204 1153 1265 si

204 1294 379 1358 nobiscum
398 1315 467 1359 non
490 1298 746 1374 consenseritis,
761 1299 857 1362 eritis
881 1299 978 1362 nobis
997 1303 1153 1364 extranei

204 1399 240 1455 et
255 1395 355 1475 quasi
368 1395 535 1476 capitales
551 1395 712 1460 inimici.’'
750 1395 800 1459 At
812 1398 940 1474 nuncii,
957 1403 980 1433 “
992 1397 1154 1463 Parcatis

204 1492 313 1570 nobie,
332 1492 481 1570 domiue,
497 1494 579 1576 quia
600 1515 663 1577 pro
686 1495 837 1560 utilitate
861 1497 958 1578 regni
974 1496 1152 1561 vobiscum

204 1610 340 1672 semper
359 1594 486 1656 erimus
506 1593 542 1656 in
562 1593 629 1658 fide
653 1594 817 1674 stabiles;
842 1595 903 1658 sed
925 1597 1088 1677 quoniam
1111 1597 1153 1660 de

203 1689 384 1754 voluntate
404 1692 498 1772 regis
520 1691 672 1756 nondum
699 1699 848 1770 constat,
870 1701 1083 1758 revertemur
1108 1697 1151 1759 ad

204 1807 294 1864 eum,
318 1796 354 1853 et
380 1791 643 1854 certificabimus
671 1810 734 1854 nos
761 1792 893 1872 absque
919 1793 992 1857 ulla
1018 1794 1152 1858 mora.’'

177 1913 180 1926 ι
203 1885 454 1970 Abieruntque,
481 1896 517 1953 et
542 1889 672 1952 reversi
692 1897 786 1966 sunt,
808 1889 963 1955 dicentes
985 1911 1031 1954 ex
1054 1899 1152 1973 parte

204 1987 296 2067 regis
309 1986 402 2068 quod
412 1987 523 2050 noluit
538 2007 597 2050 eos
612 2007 675 2050 rex
686 1987 831 2051 ulterius
843 1989 992 2070 fatigare
1003 1990 1047 2052 ad
1064 2010 1153 2072 prae-

204 2103 295 2161 sens,
310 2087 371 2148 sed
387 2105 465 2149 oum
481 2086 675 2151 actionibus
692 2087 882 2167 gratiarum
898 2095 1152 2152 reverterentur

203 2183 245 2246 ad
262 2185 403 2266 propria
417 2204 527 2267 usque
543 2186 579 2247 in
595 2185 804 2267 quindenam
820 2185 988 2265 Paschae;
1016 2193 1051 2250 et
1069 2194 1150 2251 tunc

204 2281 391 2346 Londoniis
424 2283 468 2346 ad
497 2284 760 2366 parliamentum
791 2304 892 2350 suurn
923 2286 1080 2351 venirent
1108 2287 1151 2350 dc

202 2382 389 2463 praemissis
405 2383 598 2447 tractaturi.

303 2597 454 2682 Quomodo
471 2603 540 2667 Bou
556 2602 672 2667 ulituoit
687 2603 819 2667 Petrum
833 2602 871 2667 de
890 2599 1054 2668 Oebarstoa

559 2701 807 2766 Woscoaiaosem.

254 2872 385 2937 Invita
401 2873 582 2955 patrissui
600 2873 722 2938 habuit
743 2893 805 2938 rex
822 2873 994 2958 quendam
1009 2875 1152 2938 militem
1167 2897 1287 2946 auarior

203 2972 269 3035 sibi
307 2971 612 3036 familiarissimum
650 2972 692 3035 de
729 2972 919 3036 Wasoonia
946 2971 1153 3050 oriundum,
1165 2950 1280 3038 illinon.

203 3081 305 3152 quem
321 3089 399 3133 cum
416 3076 508 3134 esset
524 3069 686 3153 princeps
701 3070 854 3145 walliae,
868 3071 969 3150 quasi
984 3089 1029 3134 ex
1045 3070 1153 3134 nihilo

202 3166 459 3246 suscitaverat,l
487 3175 522 3232 et
555 3187 619 3250 pro
656 3168 783 3233 amoris
814 3168 1051 3248 magnitudine
1082 3187 1152 3252 quo

204 3268 327 3331 dilexit
362 3287 440 3332 eum
472 3286 535 3348 pro
572 3286 675 3349 posse
712 3266 898 3342 ditaverat,
933 3266 1077 3330 Petrum
1109 3267 1153 3331 de

205 3365 398 3430 Caberstou
425 3365 566 3449 proprio
590 3366 730 3431 nornine
756 3367 984 3430 nominatum.
1045 3365 1152 3431 Hunc

203 3484 280 3528 curn
297 3464 408 3528 adhuc
425 3464 565 3528 uberius
588 3481 792 3546 promovere
813 3463 929 3540 vellet,
946 3465 1086 3528 vocavit
1107 3465 1152 3530 ud

204 3583 241 3627 se
258 3562 510 3628 thesaurarium
533 3564 642 3644 patris
660 3564 727 3640 sui,
743 3583 845 3646 quem
861 3568 962 3644 pater
983 3581 1067 3628 suus
1087 3583 1151 3627 rex

203 3661 425 3744 singulariter
439 3662 572 3742 dilexit,
588 3671 623 3726 et
638 3682 659 3725 a
677 3662 802 3727 clerico
818 3681 970 3744 paupere
988 3681 1100 3744 usque
1117 3663 1152 3725 in

202 3761 433 3842 episcopalem
467 3761 611 3842 gradum
649 3761 780 3825 fecerat
823 3761 1043 3842 promoveri3
1079 3768 1154 3824 erat

203 3860 292 3922 enim
310 3859 491 3941 episcopus
514 3861 659 3924 Cestriae
684 3867 720 3923 et
736 3860 914 3926 ordinator
936 3859 1152 3939 negotiorum

237 4048 247 4115 ¹.
266 4050 379 4100 Edward
390 4048 413 4098 1.
423 4050 517 4098 caused
528 4049 665 4098 PiersGa·
689 4050 731 4098 the
748 4051 826 4098 bravo
844 4049 954 4097 services
965 4046 994 4095 ol
1007 4047 1047 4095 his
1063 4047 1154 4097 father.

202 4124 289 4168 veston
306 4124 331 4167 to
349 4121 381 4168 be
400 4118 525 4166 educated
543 4117 605 4166 with
622 4118 664 4167 the
689 4119 849 4178 Trokelowe,
860 4117 953 4166 Annal.
972 4117 1046 4167 Edvr.
1061 4116 1101 4165 11.
1112 4116 1153 4165 ed.

203 4189 295 4238 Prinoe
313 4188 342 4237 of
355 4188 451 4249 Wales,
468 4187 493 4235 in
511 4187 610 4236 reward
627 4187 666 4236 ior
691 4187 803 4248 Hearue,
815 4202 841 4247 p.
853 4191 876 4235 5.
