3144 4990
415 493 587 544 wnnrnnr
610 493 657 541 nn
678 493 959 543 suurnusonun.
1086 475 1153 542 395

205 653 362 728 ecclesia,
391 651 435 714 de
462 656 666 715 cunctorum
695 649 847 712 fidelium
874 667 959 712 nuru
990 649 1151 729 sollicita,
1164 669 1311 757 Ei'i'lsll'

205 754 297 816 circu
311 752 503 815 animarum
519 750 665 814 salutem
682 749 803 812 sedulo
817 748 942 829 vigilat
956 758 991 813 et
1006 751 1152 814 intendit
1163 771 1314 850 Μ

206 865 249 915 ao·
268 851 451 915 salubriter
473 850 592 914 obviat
619 848 781 931 periculis
806 848 998 911 animarum
1027 853 1260 941 eorun-fflggffig‘
1274 911 1288 938 ι

206 952 296 1028 dem,
329 957 364 1014 et
402 965 507 1031 super
545 948 611 1011 hiis
649 965 695 1010 ex
725 948 851 1029 quibus
883 947 961 1029 ipsa
999 948 1151 1031 pericula
1163 911 1297 1040 ''ffaffl'a

207 1051 373 1133 prospicit
401 1049 594 1130 provenire,
619 1047 825 1129 opportunis
846 1047 1004 1111 remediis
1033 1050 1151 1112 studet
1163 1012 1266 1140 {gfff
1297 1026 1304 1048 ’

208 1150 395 1214 salubriter
416 1155 453 1210 et
475 1147 608 1210 utiliter
633 1147 836 1227 praevenire.
881 1145 1023 1211 Dudum
1044 1148 1152 1229 siqui-

208 1249 286 1312 dem
311 1248 420 1312 felicis
441 1245 690 1309 recordatiouis
713 1245 923 1334 Benedictus
946 1263 1038 1328 papa
1055 1246 1152 1312 XII.

209 1349 442 1430 praedecessor
470 1352 600 1421 noster,
630 1363 695 1425 pro
723 1351 818 1408 statu
844 1351 884 1406 et·
911 1345 1154 1409 reformatione

209 1447 386 1528 religionis
403 1445 592 1526 Nigrorum
619 1443 883 1518 Monachorum,
902 1444 1155 1508 nonnullasta-

209 1553 287 1609 tuta
297 1554 332 1609 et
345 1545 577 1608 ordinationes
585 1542 707 1619 edidit,
719 1561 797 1625 quae
813 1542 989 1607 mandavit
1000 1552 1036 1607 et
1044 1542 1156 1607 voluit

209 1645 246 1707 iu
268 1645 389 1708 eadem
412 1643 579 1724 religione
600 1643 775 1724 perpetuis
797 1643 923 1706 firturis
944 1643 1155 1723 temporibus

211 1744 400 1818 observari,
421 1742 458 1804 in
475 1749 751 1822 transgressores
767 1761 887 1804 eorum
904 1741 1059 1806 diversas
1076 1761 1155 1806 sen·

210 1844 337 1907 tentius
359 1842 692 1922 variasquepoenas
714 1841 914 1922 spirituales
935 1839 1156 1906 nihilominus

211 1940 474 2023 promulgando.
506 1939 845 2020 Verumquia,siout
861 1938 1156 2003 ‘habetur'¹mul-

212 2049 325 2104 torum
336 2039 557 2123 praelatorum
570 2038 760 2104 stallorum
771 2038 1003 2120 professomm
1014 2039 1156 2120 fidedig·

208 2156 333 2204 norum
356 2149 392 2203 et
411 2137 597 2221 proborum
620 2137 771 2200 virorum
788 2137 966 2219 religionis
988 2137 1156 2219 ejusdem,

208 2238 397 2302 -zelantium
412 2245 542 2302 statum
561 2236 636 2320 ejus
651 2249 854 2319 prosperum
870 2244 906 2300 et
921 2236 1157 2318 tranquillum,

206 2338 384 2420 ‘expositio
406 2337 500 2400 iacta
523 2337 635 2412 nobis,
650 2343 687 2399 et
704 2337 919 2418 experientia
934 2335 1019 2400 facti
1044 2335 1157 2413 docet,

213 2436 410 2521 hujusmodi
425 2453 537 2518 poenae
551 2441 589 2497 et
600 2437 783 2499 sententiae
795 2437 997 2518 periculosa
1012 2435 1153 2500 nimium

144 2528 146 2532 ’
212 2536 286 2600 fore
311 2536 620 2617 dignoscunturet
649 2533 848 2617 frequenter
877 2543 1075 2617 praeparant
1104 2534 1155 2598 la·

209 2653 338 2716 quenm
366 2635 567 2698 animabus:
592 2651 672 2697 oum
697 2633 798 2697 multi
822 2635 958 2716 praelati
979 2641 1154 2697 eteorum

211 2733 342 2799 subditi
376 2734 552 2815 religionis
588 2731 744 2816 ejusdem
775 2741 977 2798 asserantur
1013 2751 1154 2796 exeom-

212 2834 496 2909 munioatiouumt
529 2832 795 2913 suspensionum
827 2839 863 2896 et
893 2832 1154 2896 interdictorum

211 2931 413 3007 sententias,
430 2947 564 2994 necnon
586 2930 841 2994 inhabilitatum
864 2936 899 2992 et
918 2929 1154 3011 irregularita-

215 3040 287 3095 tum
319 3030 485 3107 maculas,
516 3029 672 3110 aliasque
704 3047 839 3110 poenas,
870 3037 1012 3111 propter
1044 3037 1157 3091 trans-

211 3131 424 3211 gressionem
455 3135 664 3192 statutorum
692 3135 728 3191 et
756 3129 1009 3192 ordinationum
1035 3126 1157 3210 hujus-

215 3230 308 3293 modi
333 3228 538 3306 incurriss03
572 3226 729 3309 praetlioti
760 3235 795 3290 et
823 3227 979 3290 nonnulli
1015 3227 1158 3290 abbates

212 3335 249 3392 et
263 3327 484 3410 quamplures
499 3326 559 3390 ulii
571 3326 727 3409 ejusdem
743 3326 920 3408 religionis
934 3325 1159 3408 professores,

212 3429 250 3491 in
289 3434 410 3490 nostra
445 3425 631 3508 praesentia
669 3425 898 3508 personaliter
931 3433 1082 3507 >propter
1115 3443 1160 3487 ea

212 3527 402 3601 constituti,
421 3525 520 3589 nobis
536 3524 710 3588 humiliter
731 3525 973 3607 supplicarunt
986 3532 1027 3588 nt
1042 3543 1108 3588 suo
1124 3530 1160 3586 et

211 3625 359 3690 aliarum
389 3643 614 3707 personarum
643 3624 821 3705 religionis
850 3623 1007 3707 ejusdem
1037 3623 1159 3698 statui,

207 3714 249 3789 et
273 3725 466 3788 animarum
493 3722 598 3787 saluti
620 3723 656 3786 iu
684 3723 751 3786 hac
778 3731 877 3805 parte
895 3723 940 3786 de
962 3728 1160 3805 opportuno

214 3825 395 3907 providere
431 3823 583 3886 remedio
626 3821 859 3902 dignaremur.
929 3821 1005 3884 Nos
1041 3820 1160 3901 igitur,

215 3941 440 4006 personarum
469 3921 573 3984 diotae
609 3920 800 4001 religionis,
829 3920 930 4002 cujus
960 3919 1065 3982 etiam
1095 3935 1161 3981 nos

215 4022 346 4085 alumni
388 4029 427 4084 et
470 4019 683 4102 professores
734 4020 929 4094 existimus,
969 4017 1162 4081 animarum

540 4242 547 4272 ¹
566 4245 608 4293 stc
620 4243 715 4294 Mssa
726 4245 734 4272 ⁴
744 4244 838 4294 habet!
896 4249 900 4254 '
