3144 4990
379 415 446 480 376
750 429 965 478 cunorrcou

219 604 312 694 mucul
316 603 370 694 8ξῐιῐ.
382 586 427 652 ad
470 583 699 670 apostolicam
741 585 948 666 dignitatem
994 604 1058 650 nos
1101 585 1180 651 ideo
1216 579 1339 653 divina

220 657 363 780 ,ζὲωοζ
383 685 567 751 clementia
598 685 814 762 sublimavit,
848 705 918 748 non
948 692 987 749 ut
1024 684 1099 750 dies
1133 693 1272 751 nostros
1301 687 1339 750 in

222 785 372 878 mm·
385 788 501 868 quiete
533 792 570 849 et
594 784 797 848 deliciarum
822 783 1001 848 affluentia
1029 783 1244 863 duceremus,
1275 785 1338 850 sed

222 885 360 980 mm
385 892 425 949 ut
456 903 502 950 ex
532 883 690 966 injuncto
731 882 830 945 nobis
869 882 1178 947 administrationis
1209 883 1337 962 officio,

223 985 364 1076 mm·
387 991 583 1048 nostrorum
620 981 910 1065 praedecessorum
947 982 1116 1063 exemplis
1154 983 1342 1047 salubriter

226 1085 319 1127 chm-
386 1082 559 1159 instructi,
591 1099 654 1162 pro
686 1079 789 1143 domo
821 1079 963 1145 Domini
998 1080 1262 1147 ascendentibus
1293 1101 1336 1144 ex

389 1181 535 1247 adverso
550 1198 613 1244 nos
625 1198 760 1242 murum
772 1178 1077 1260 inexpugnabilem
1092 1198 1339 1261 praeparemus,

390 1287 430 1344 ut
457 1286 616 1343 errantes
644 1277 691 1340 ad
725 1277 814 1340 viam
843 1276 1014 1352 veritatis,
1044 1278 1234 1359 inspirante
1264 1280 1341 1343 Do·

392 1378 499 1454 mino,
513 1377 731 1452 reducamus,
748 1376 916 1457 quasdam
943 1378 1338 1442 excommunicationum

393 1477 583 1544 sententias
609 1494 631 1539 a
650 1474 782 1538 sanctis
799 1475 958 1556 patribus
978 1482 1013 1539 et
1028 1475 1338 1558 praedecessoribus

394 1576 523 1640 nostris
556 1574 592 1637 in
625 1573 827 1657 subscriptis
862 1575 999 1638 casibus
1031 1574 1198 1639 adversus
1234 1575 1341 1638 delin-

394 1682 540 1757 quentes
550 1673 715 1737 hactenus
728 1673 979 1754 promulgatas,
989 1673 1342 1755 perdenunciationes

396 1772 554 1856 publicas
576 1773 613 1836 in
633 1771 719 1836 locis
744 1772 972 1836 eminentibus
995 1771 1170 1837 faciendas
1190 1793 1253 1856 per
1276 1793 1342 1838 vos

396 1880 432 1937 et
459 1879 603 1936 caeteros
637 1870 827 1934 confratres
856 1889 897 1934 ac
926 1870 1161 1953 suffraganeos
1193 1880 1343 1950 nostros,

397 1970 513 2054 palam
526 1970 689 2034 duximus
704 1970 862 2033 omnibus
881 1969 1053 2048 intimare,
1072 1991 1114 2034 na
1136 1971 1343 2052 ignorantiae

398 2070 567 2135 affectatae
597 2067 762 2134 nebulosa
794 2068 946 2145 valeant,
978 2070 1038 2151 qui
1072 2088 1219 2152 nequam
1250 2079 1344 2146 sunt,

398 2169 597 2251 aliqualiter
614 2187 780 2232 excusare
797 2174 970 2251 praetextu
989 2169 1146 2233 veritatis
1161 2169 1344 2234 occultatae

399 2276 435 2333 et
466 2277 505 2332 ut
537 2268 636 2332 decet
664 2267 802 2330 minime
834 2265 1030 2348 publicatae,
1055 2268 1115 2332 sed
1151 2276 1190 2332 ut
1215 2268 1345 2352 singuli

399 2367 522 2432 melius
536 2366 601 2432 sibi
624 2373 769 2430 caveant
794 2384 857 2446 pro
882 2365 1011 2431 futuro.
1064 2366 1205 2436 Nostrae
1229 2377 1344 2434 tameo

399 2466 600 2531 intentionis
624 2483 694 2528 non
714 2463 835 2528 existit
855 2464 1031 2530 dominnm
1054 2473 1208 2532 nostrum
1229 2487 1345 2548 regem

403 2564 540 2644 Angliae
555 2563 737 2638 illustrem,
755 2561 927 2626 dominam
950 2565 1117 2646 reginam,
1134 2573 1197 2630 aut
1219 2566 1346 2630 liberos

403 2661 600 2738 eorundem,
629 2661 730 2726 dictis
770 2661 949 2726 sententiis
983 2671 1045 2728 aut
1077 2665 1195 2746 aliqua
1226 2681 1346 2730 earnm

401 2761 543 2838 involvi,
553 2779 614 2823 seu
629 2761 694 2824 sub
711 2759 971 2825 denuntiatione
984 2763 1181 2847 hujusmodi
1192 2783 1347 2846 compre-

402 2860 518 2937 hendi,
536 2867 708 2942 quatenus
724 2860 768 2922 de
782 2859 863 2943 jure
881 2863 1040 2926 excusari
1054 2870 1218 2945 poterunt
1233 2865 1268 2928 in
1283 2863 1349 2928 hac

404 2967 512 3042 parte.
565 2959 788 3035 Mandantes,
809 2966 887 3034 otc,
905 2961 1082 3042 quatinus,
1098 2962 1188 3026 etc.”
1233 2963 1349 3026 Tenor

404 3078 487 3123 vero
508 3058 707 3142 hujusmodi
727 3056 949 3122 articulorum
972 3059 1052 3123 talis
1073 3068 1137 3124 est.
1186 3067 1206 3096 “
1220 3061 1263 3125 In
1283 3063 1351 3126 Dei

405 3158 554 3236 nomine,
572 3157 694 3224 Amen.
738 3156 815 3222 Nos
828 3156 852 3220 J
854 3157 1007 3222 ohannes
1024 3160 1248 3240 permissione
1264 3160 1351 3224 divi-

406 3278 465 3336 na,
476 3265 541 3322 etc.
576 3256 705 3321 Omnes
722 3264 758 3320 et
768 3256 923 3336 singulos
939 3258 999 3338 qui
1017 3258 1181 3323 ecclesias
1197 3279 1260 3325 suo
1272 3260 1351 3342 jure

408 3358 545 3439 privare
555 3356 610 3420 vel
623 3375 684 3438 per
694 3355 860 3419 malitiam
873 3354 1060 3437 infringere
1074 3377 1136 3422 seu
1151 3361 1352 3440 perturbare

410 3463 624 3536 praesumunt
635 3455 813 3518 libertates
824 3462 859 3516 et
873 3454 1000 3521 liberas
1016 3458 1283 3521 consuetudines
1293 3477 1352 3522 ea·

410 3554 565 3628 rundem,
579 3560 614 3616 at
637 3571 696 3616 eos
714 3553 886 3634 praecipue
902 3553 963 3634 qui
989 3556 1151 3637 antiquas
1176 3556 1353 3623 libertates

311 3721 314 3728 Δ
411 3660 471 3715 aut
500 3651 625 3715 liberas
653 3652 917 3715 consuetudines
942 3661 1069 3718 nostrae
1095 3654 1356 3720 Cantuariensis

411 3751 565 3814 ecclesiae
576 3750 795 3826 violaverint,
804 3769 864 3814 sen
875 3751 910 3814 in
923 3752 1040 3834 aliquo
1054 3754 1285 3832 diminuerint,
1300 3755 1356 3821 vel

411 3857 533 3914 contra
548 3849 730 3932 privilegia
752 3849 861 3913 eidem
883 3849 1018 3916 indulta
1038 3853 1185 3916 scienter
1201 3854 1357 3917 venerint

412 3959 473 4014 aut
488 3958 608 4014 contra
626 3968 668 4013 ea
686 3949 840 4025 fecerint,
858 3969 991 4012 necnon
1017 3959 1051 4014 et
1067 3951 1146 4015 illos
1163 3952 1223 4034 qui
1237 3971 1358 4034 pacem

410 4057 444 4113 et
454 4049 741 4131 tranquillitatem
756 4050 847 4128 regis
861 4058 922 4111 aut
936 4051 1032 4130 regni
1046 4048 1184 4132 Angliae
1202 4053 1359 4133 nequiter

410 4157 445 4212 et
469 4148 635 4232 injuriose
662 4150 863 4230 perturbare
892 4157 1118 4229 praesumunt,
1136 4169 1197 4213 seu
1224 4151 1267 4214 ad
1294 4150 1358 4214 boc
