3144 4990
421 461 487 526 422
613 511 616 516 .
789 477 999 526 conculcor

261 651 409 741 ”fl'ffiglssl
423 635 626 700 faceremus.
697 634 805 717 Papae
836 636 1038 718 scripsimus
1069 635 1114 698 ad
1143 635 1245 699 finem
1278 637 1370 718 quod

296 729 301 739 '
329 730 334 740 '
395 728 575 800 ‘decimas
606 734 734 816 petitas
759 735 937 817 possidere
964 735 1134 809 valeatis;
1168 736 1309 818 insuper
1334 743 1371 800 et

260 809 489 918 *titillepro
521 834 646 898 comite
683 833 861 912 Marchiae,
892 841 997 917 prout
1034 835 1162 898 fuimus
1201 836 1370 918 requisiti,

262 909 401 1000 Qum
426 934 537 1000 eidem
568 952 647 997 cum
674 933 855 998 affectione
891 935 1039 998 scribere
1067 935 1268 998 curavimus
1300 955 1368 1000 non

426 1033 519 1098 exili.
552 1032 683 1098 Datum
701 1033 795 1116 apud
810 1033 980 1116 hospitale
996 1034 1041 1098 de
1056 1040 1066 1069 ‘
1079 1033 1210 1117 Μθεγἰ
1229 1051 1297 1098 xx,
1313 1035 1369 1099 die

427 1133 534 1198 Junii.
565 1131 721 1196 'Nostro
752 1133 929 1197 carissimo
963 1152 1006 1196 ac
1037 1133 1259 1198 dilectissime
1291 1153 1370 1198 con·

426 1231 618 1314 sanguineo
633 1232 708 1312 regi
732 1229 893 1297 Scotiae.'’
944 1231 1042 1296 Idem
1064 1253 1147 1297 vero
1174 1233 1370 1316 Philippus,

425 1339 610 1414 postquam
627 1350 687 1394 rex
712 1330 851 1414 Angliae
879 1332 970 1414 apud
995 1339 1132 1415 portum
1159 1332 1202 1395 de
1225 1333 1371 1415 Hogges

425 1438 551 1497 terram
599 1431 757 1514 arripuit,
795 1431 960 1513 proedicto
1003 1432 1116 1496 David
1155 1431 1228 1495 sine
1275 1453 1373 1497 mora

427 1530 562 1595 literam
583 1529 618 1592 iu
635 1528 773 1594 Gallico
792 1530 920 1594 direxit
943 1531 1087 1595 subhac
1103 1531 1225 1595 forma.

263 1656 367 1696 remor
471 1627 1372 1713 ‘⁶Carissimeacdilectissimeconsanguinee‚verum

265 1706 481 1805 {tilitates
511 1728 604 1812 quod
630 1747 693 1792 rex
718 1727 858 1810 Angliae
893 1729 938 1792 ad
975 1737 1094 1811 partes
1130 1730 1228 1812 regni
1263 1731 1373 1794 nostri

264 1806 377 1895 iim*
428 1847 547 1893 versus
579 1827 882 1892 Constauciensem
916 1829 992 1913 jam
1016 1830 1183 1912 applicuit
1209 1838 1245 1894 et
1266 1831 1374 1914 juxta

265 1906 371 2004 ῗιῖἷῗιῗια,
427 1928 604 2008 navigium
646 1947 748 1992 suum
785 1947 918 1993 moram
967 1929 1095 2004 trahit3
1138 1930 1372 2012 remansitque

264 2005 315 2056 '¹¹¹¹
325 2007 358 2045 ²²·
428 2028 541 2110 patria
556 2025 696 2108 Angliae
712 2046 824 2092 vacua
842 2028 1002 2111 praesidio
1026 2036 1063 2093 et
1080 2029 1272 2106 immunita,
1290 2048 1370 2092 nam

428 2126 540 2210 major
565 2145 646 2208 pars
676 2128 848 2191 exercitus
871 2127 926 2194 sui
953 2147 1031 2192 cum
1061 2129 1138 2210 ipso
1169 2136 1235 2202 est,
1262 2128 1372 2192 altera

429 2245 510 2307 pars
525 2227 559 2289 in
576 2225 765 2301 Vasconis,
784 2226 943 2291 etaltera
964 2226 1001 2291 in
1023 2229 1180 2311 partibus
1197 2228 1371 2292 Flandriee

428 2331 464 2390 et
482 2325 673 2389 Britanniae
698 2325 810 2390 divisa
835 2334 910 2406 est3
933 2327 1061 2393 idcirco
1078 2328 1225 2410 enimin
1241 2326 1371 2409 Anglia

428 2424 569 2489 tortium
601 2424 702 2508 copia
732 2433 767 2489 et
796 2433 1006 2489 armatorum
1037 2445 1207 2492 essenon
1235 2434 1369 2510 potest:

429 2525 630 2605 cunctisque
654 2523 791 2588 videtur
814 2524 905 2606 quod
930 2526 964 2592 in
991 2534 1065 2591 tota
1091 2528 1203 2609 patria
1221 2525 1370 2608 Angliee,

429 2622 460 2684 si
478 2621 691 2701 diligentiam
708 2629 857 2687 vestram
881 2633 918 2688 et
932 2645 1050 2690 curam
1065 2646 1239 2709 apponere
1253 2626 1370 2705 vultis,

429 2722 620 2785 maximum
642 2722 708 2786 sibi
730 2723 892 2786 damnum
914 2725 1040 2790 inferre
1065 2727 1222 2809 potestis.
1275 2726 1371 2805 Quo·

429 2821 522 2884 circa
549 2821 702 2885 nonnulli
732 2822 766 2885 in
797 2823 999 2889 immensum
1026 2826 1189 2890 admirari
1217 2845 1286 2890 non
1313 2826 1372 2890 de-

429 2921 546 2985 sinunt
580 2922 672 3003 quod
706 2921 807 2986 aliter
835 2925 901 2988 sibi
923 2923 1085 2989 damnum
1108 2925 1259 2990 nondum
1280 2925 1371 2990 iutu-

431 3019 520 3084 listis
562 3040 625 3085 nec
664 3021 810 3100 insertis,
837 3043 915 3087 nam
951 3026 1063 3107 magis
1101 3025 1370 3089 emolumentum

430 3138 536 3200 quam
564 3119 600 3184 in
631 3122 795 3202 praesenti
823 3123 1008 3205 possidetis
1037 3145 1213 3208 nunquam
1245 3125 1371 3189 habere

429 3218 585 3301 potestis.
638 3219 834 3284 Exoremus
861 3223 981 3305 itaque
1009 3243 1071 3289 vos
1100 3233 1134 3289 et
1164 3225 1370 3306 requirimus

429 3336 534 3401 super
557 3318 741 3384 dilectione
764 3328 799 3384 et
829 3320 1010 3402 alligantia
1038 3323 1165 3388 habitis
1189 3324 1280 3388 inter
1306 3343 1370 3387 nos

429 3420 594 3499 quatinus
631 3418 763 3482 meliori
791 3420 893 3485 modo
927 3430 963 3486 et
989 3422 1123 3487 fortiori
1153 3443 1222 3505 quo
1246 3423 1370 3488 valetis

429 3517 496 3597 ipsi
526 3536 569 3581 ac
600 3517 665 3581 toti
694 3518 817 3600 patriae
849 3539 923 3584 suae
939 3520 1079 3603 Angliae
1101 3522 1262 3586 damnum
1285 3523 1371 3586 inie-

429 3615 525 3678 rendi
546 3635 625 3680 cum
647 3624 784 3698 tempus
801 3618 876 3701 jam
897 3621 1048 3686 arrideat
1062 3629 1097 3686 et
1113 3631 1291 3705 punctum,
1310 3642 1373 3686 vos

428 3713 587 3778 ordinare
627 3717 755 3780 curetis
788 3725 823 3781 ct
863 3738 1015 3784 amorem
1058 3723 1373 3804 promissionesque

428 3833 516 3897 quos
540 3833 645 3898 penes
668 3835 731 3879 nos
753 3817 889 3883 habetis
909 3819 953 3883 de
974 3821 1077 3885 corde
1099 3829 1136 3885 et
1157 3841 1260 3904 opere
1274 3823 1373 3886 nobis

428 3913 629 3980 ostendatis.
682 3915 727 3980 Et
762 3918 851 3982 scire
886 3939 949 3983 ves
985 3920 1129 3984 facimus
1165 3921 1311 4002 quodsi
1338 3922 1374 3984 in

427 4012 591 4096 Angliam
614 4034 714 4079 suum
737 4025 925 4083 maturaret
956 4039 1163 4101 regressum,
1192 4019 1371 4085 confestim

673 4242 679 4272 ¹
697 4245 811 4310 ‘Mysy‚’
824 4249 880 4299 MS.
892 4250 958 4300 Cott.
972 4251 1041 4300 Nero
1053 4251 1088 4301 D.
1100 4253 1129 4301 ii.
