3166 4992
389 474 455 539 234
762 484 970 538 canonicos
1057 468 1058 471 ’

239 662 370 754 pigrus
390 648 518 712 tionem
537 653 573 710 et
590 645 884 711 consecrationem
902 641 1114 708 electorum
1102 662 1136 707 rn
1155 643 1251 707 curia
1268 643 1341 708 Ro-

229 797 344 840 meram·

390 766 500 812 mana
507 753 683 822 vacantes,
694 744 852 808 dominus
865 762 957 838 papa
969 742 1124 808 conferre
1136 744 1337 816 consuevit;

228 849 278 888 ‘¹⁰⁸¹
287 847 365 888 ³³⁸³·-
391 856 427 911 et
458 847 508 909 sic
546 844 692 908 contulit
719 833 945 926 praebendam
976 831 1078 906 istius
1111 839 1255 905 Thomae
1296 842 1339 905 dc

391 943 904 1028 Styvelington.lpsaetia1n
928 941 1238 1023 archiepiscopus
1228 960 1338 1023 tmpe-

391 1045 497 1110 travit
521 1044 687 1120 incuria,
710 1042 803 1124 quod
828 1041 998 1124 capellam
1020 1040 1141 1106 Sancti
1159 1039 1339 1122 Sepulchri

390 1145 426 1206 in
441 1144 587 1208 ecclesia
602 1142 753 1206 Eborum
773 1139 928 1206 conferre
948 1146 1066 1220 posset
1087 1139 1123 1204 in
1145 1139 1255 1204 reditu
1273 1159 1338 1204 suo

391 1243 575 1320 cuivellot‚
587 1241 811 1308 ctdoditcam
823 1236 1153 1306 cuidam‘Jacobo'¹
1173 1237 1337 1320 Segrave.

391 1342 501 1408 Modo
519 1340 678 1404 dominus
703 1359 777 1416 rex,
800 1339 1006 1420 nescioquo
1029 1338 1155 1404 ductus
1181 1338 1337 1415 consitio,

390 1442 497 1524 coepit
506 1440 687 1505 vendicare
698 1439 816 1503 taliter
827 1444 1003 1512 vacantes
1015 1443 1151 1501 ct‘oam
1159 1433 1182 1470 '²
1192 1438 1340 1502 eontulit

391 1541 527 1606 cuidam
557 1539 681 1604 clerico
717 1556 782 1600 suo
824 1536 977 1604 Johanni
1016 1536 1141 1614 Basse,
1174 1537 1338 1620 misitque

278 1689 283 1694 -
391 1641 513 1704 literas
530 1657 613 1702 suas
633 1638 772 1701 domino
791 1635 1049 1718 archiepiscopo
1065 1643 1105 1700 ut
1121 1654 1199 1700 eum
1216 1635 1338 1700 admit·
1361 1719 1363 1724 Ι

391 1747 491 1815 teret,
526 1747 561 1802 et
592 1737 628 1803 in
656 1737 908 1818 possessiouem
941 1736 1082 1800 duceret
1111 1735 1337 1819 corporalem.

393 1836 462 1916 Qui
479 1837 666 1920 respondit,
683 1835 748 1899 hoc
761 1855 837 1900 esse
851 1836 981 1900 factum
1000 1835 1129 1898 domini
1144 1855 1257 1917 papae,
1274 1855 1337 1900 nec

390 1956 428 2001 se
451 1955 552 2020 posse
572 1935 757 2019 quicquam
772 1935 884 1999 facere
900 1953 961 1997 seu
982 1934 1128 2013 debere3
1150 1935 1338 2017 statimque

390 2055 454 2100 rex
482 2055 559 2099 eum
583 2034 702 2098 vocari
728 2033 808 2097 fecit
832 2052 948 2097 coram
972 2032 1173 2116 justitiariis
1198 2034 1270 2098 suis
1294 2035 1337 2098 de

390 2140 590 2217 contemptu
616 2151 843 2215 responsurus
873 2151 935 2216 per
964 2133 1080 2210 breve,
1115 2131 1233 2211 Quare
1264 2152 1336 2199 non

382 2233 539 2297 admisit.
579 2231 655 2295 Nec
671 2231 737 2295 suit
752 2231 877 2313 aliquis
892 2232 934 2295 de
951 2232 1095 2295 consilio
1113 2252 1177 2297 suo
1194 2250 1256 2296 seu
1273 2233 1337 2297 ali·

391 2333 469 2415 quis
497 2337 713 2395 narratorum
731 2332 883 2394 omnium
905 2329 966 2412 qui
984 2338 1100 2412 posset
1120 2331 1176 2396 vei
1193 2332 1336 2398 auderet

329 2423 330 2428 ’
390 2431 598 2514 respondere
609 2449 672 2514 pro
686 2448 727 2492 eo
741 2449 750 2508 3
777 2429 881 2495 immo
893 2429 1038 2512 ipsemet
1053 2429 1090 2493 in
1103 2433 1244 2513 propria
1256 2451 1333 2514 per-

389 2549 489 2606 sona‚
525 2529 626 2610 quasi
657 2547 746 2591 unus
780 2529 822 2593 de
860 2530 990 2612 populo
1023 2536 1059 2592 et
1090 2549 1206 2594 coram
1242 2533 1333 2596 omni

389 2629 530 2710 populo,
541 2628 758 2710 discooperto
773 2627 887 2710 capite
901 2629 1143 2711 respondebat,
1161 2649 1230 2694 non
1245 2632 1335 2696 enim

389 2746 466 2792 eum
498 2727 661 2792 amabant
697 2727 854 2792 curiales.
901 2728 1057 2812 Cumque
1094 2729 1202 2794 nollet
1233 2749 1333 2794 suum

388 2834 522 2892 mutare
557 2846 772 2910 responsum,
808 2828 868 2891 sed
901 2828 1031 2892 factum
1071 2829 1201 2892 domini
1235 2849 1334 2912 papae

388 2927 549 3003 iterabat,
585 2927 903 3008 pronunciaverunt
932 2947 1008 2992 eum
1042 2927 1268 3006 indefensum,
1300 2937 1335 2994 et

388 3027 566 3092 baroniam
595 3044 693 3090 suam
719 3027 756 3090 in
784 3046 923 3092 manum
949 3026 1077 3092 domini
1107 3029 1199 3108 regis
1235 3030 1334 3094 scisi-

388 3132 502 3190 erunt.
567 3125 795 3207 Recessitque
833 3127 954 3202 tristis,
1000 3134 1035 3190 ot
1071 3125 1222 3192 tristitiae
1260 3148 1335 3193 suc·
1419 3115 1429 3132 ’

388 3226 492 3289 cessit
522 3225 715 3302 infirmitas,
749 3232 784 3289 ct
821 3225 1011 3290 infirmitati
1047 3245 1139 3290 mors
1178 3235 1335 3292 extrema

387 3325 551 3388 sociatur.
604 3321 684 3401 Quo
705 3332 853 3401 mortuo,
878 3322 960 3389 fecit
984 3325 1143 3390 dominus
1164 3346 1227 3390 rex
1249 3347 1333 3391 cun·

388 3421 464 3486 dem
491 3441 686 3505 processum
717 3429 838 3486 contra
870 3423 1038 3489 decanum
1064 3432 1099 3489 et
1132 3427 1332 3507 capitulum.

388 3519 437 3583 At
454 3520 505 3583 illi
522 3520 683 3584 timentes
701 3521 870 3586 saevitiam
888 3524 993 3605 regis,
1011 3543 1052 3586 co
1068 3524 1159 3605 quod
1176 3524 1335 3590 dominus

388 3639 449 3682 rex
466 3620 582 3682 omnia
607 3620 811 3700 temporalia
832 3640 896 3684 sua
916 3622 1053 3686 saisisse
1074 3616 1244 3700 voluerat,
1259 3624 1334 3707 pla·

386 3725 553 3782 caverunt
582 3738 659 3782 eum
687 3719 723 3781 in
750 3726 861 3800 parte,
882 3726 917 3783 et
944 3720 1147 3802 praedictum
1171 3723 1332 3788 clericum

386 3817 598 3880 admiserunt
623 3816 667 3880 ad
688 3818 856 3900 capellam
881 3818 1036 3895 eandem,
1057 3829 1223 3903 ponentes
1245 3843 1333 3906 prm.-

386 3916 531 3980 bendam
550 3936 595 3980 ex
613 3917 726 3998 gratia
745 3917 834 3998 regis
852 3918 887 3980 in
903 3938 1081 4000 suspenso.

425 4149 431 4164 '
446 4141 455 4174 ¹
472 4144 600 4194 ‘Yhames
611 4144 662 4208 de‚’
674 4145 730 4195 MS.
743 4145 837 4195 Luasd.
980 4142 990 4174 ²
1006 4145 1085 4208 ‘eas,’
1097 4146 1154 4196 MS.
1168 4145 1262 4196 Lauad-
