<?xml version="1.0" encoding="UTF-8"?>
<!DOCTYPE html PUBLIC "-//W3C//DTD XHTML 1.0 Transitional//EN"
    "http://www.w3.org/TR/xhtml1/DTD/xhtml1-transitional.dtd">
<html xmlns="http://www.w3.org/1999/xhtml" xml:lang="en" lang="en">
 <head>
  <title>
</title>
<meta http-equiv="Content-Type" content="text/html;charset=utf-8" />
  <meta name='ocr-system' content='tesseract 3.04.00' />
  <meta name='ocr-capabilities' content='ocr_page ocr_carea ocr_par ocr_line ocrx_word'/>
</head>
<body>
  <div class='ocr_page' id='page_1' title='image "./chronicondomini00hamigoog_0430.png"; bbox 0 0 3144 4990; ppageno 0'>
   <div class='ocr_carea' id='block_1_1' title="bbox 417 451 995 530">
    <p class='ocr_par' dir='ltr' id='par_1_1' title="bbox 417 451 995 530">
     <span class='ocr_line' id='line_1_1' title="bbox 417 451 995 530; baseline -0.005 -14"><span class='ocrx_word' id='word_1_1' title='bbox 417 451 484 530; x_wconf 80' lang='grc'><strong>416</strong></span> <span class='ocrx_word' id='word_1_2' title='bbox 786 465 995 514; x_wconf 79' lang='lat' dir='ltr'><strong>cunomoou</strong></span> 
     </span>
    </p>
   </div>
   <div class='ocr_carea' id='block_1_2' title="bbox 253 715 1367 906">
    <p class='ocr_par' dir='ltr' id='par_1_2' title="bbox 253 715 1367 906">
     <span class='ocr_line' id='line_1_2' title="bbox 254 715 1367 831; baseline -0.005 -45"><span class='ocrx_word' id='word_1_3' title='bbox 254 739 404 831; x_wconf 48' lang='lat' dir='ltr'><strong>ffiwpffl.</strong></span> <span class='ocrx_word' id='word_1_4' title='bbox 420 720 562 802; x_wconf 64' lang='lat' dir='ltr'><strong>Ocelim</strong></span> <span class='ocrx_word' id='word_1_5' title='bbox 576 721 642 784; x_wconf 77' lang='lat' dir='ltr'><strong>Rae</strong></span> <span class='ocrx_word' id='word_1_6' title='bbox 661 719 786 804; x_wconf 71' lang='lat' dir='ltr'><strong>Arpltae</strong></span> <span class='ocrx_word' id='word_1_7' title='bbox 803 717 976 783; x_wconf 51' lang='lat' dir='ltr'><strong>&amp;cherceii</strong></span> <span class='ocrx_word' id='word_1_8' title='bbox 1001 717 1137 804; x_wconf 71' lang='lat' dir='ltr'><strong>Yrsaycs</strong></span> <span class='ocrx_word' id='word_1_9' title='bbox 1153 737 1216 830; x_wconf 83' lang='lat' dir='ltr'><strong>par</strong></span> <span class='ocrx_word' id='word_1_10' title='bbox 1238 715 1367 817; x_wconf 49' lang='lat' dir='ltr'><strong>Philip</strong></span> 
     </span>
     <span class='ocr_line' id='line_1_3' title="bbox 253 815 1365 906; baseline -0.001 -21"><span class='ocrx_word' id='word_1_11' title='bbox 253 844 404 854; x_wconf 82' lang='grc'><strong>-·-</strong></span> <span class='ocrx_word' id='word_1_12' title='bbox 453 841 534 906; x_wconf 81' lang='lat' dir='ltr'><strong>pum</strong></span> <span class='ocrx_word' id='word_1_13' title='bbox 549 818 691 896; x_wconf 66' lang='lat' dir='ltr'><strong>abditae,</strong></span> <span class='ocrx_word' id='word_1_14' title='bbox 706 827 735 883; x_wconf 80' lang='lat' dir='ltr'><strong>et</strong></span> <span class='ocrx_word' id='word_1_15' title='bbox 751 819 854 903; x_wconf 76' lang='lat' dir='ltr'><strong>ipsam</strong></span> <span class='ocrx_word' id='word_1_16' title='bbox 868 815 906 882; x_wconf 80' lang='lat' dir='ltr'><strong>ab</strong></span> <span class='ocrx_word' id='word_1_17' title='bbox 925 815 1138 884; x_wconf 68' lang='lat' dir='ltr'><strong>cheraeae</strong></span> <span class='ocrx_word' id='word_1_18' title='bbox 1151 815 1284 882; x_wconf 75' lang='lat' dir='ltr'><strong>ellurum</strong></span> <span class='ocrx_word' id='word_1_19' title='bbox 1290 817 1365 901; x_wconf 80' lang='lat' dir='ltr'><strong>fora</strong></span> 
     </span>
    </p>
   </div>
   <div class='ocr_carea' id='block_1_3' title="bbox 459 921 633 984">
    <p class='ocr_par' dir='ltr' id='par_1_3' title="bbox 459 921 633 984">
     <span class='ocr_line' id='line_1_4' title="bbox 459 921 633 984; baseline -0.017 0"><span class='ocrx_word' id='word_1_20' title='bbox 459 921 633 984; x_wconf 77' lang='lat' dir='ltr'><strong>immanem.</strong></span> 
     </span>
    </p>
   </div>
   <div class='ocr_carea' id='block_1_4' title="bbox 253 1112 1363 1210">
    <p class='ocr_par' dir='ltr' id='par_1_4' title="bbox 253 1112 1363 1210">
     <span class='ocr_line' id='line_1_5' title="bbox 253 1112 1363 1210; baseline 0.003 -36"><span class='ocrx_word' id='word_1_21' title='bbox 253 1117 358 1208; x_wconf 53' lang='lat' dir='ltr'><strong>§m</strong></span> <span class='ocrx_word' id='word_1_22' title='bbox 461 1112 554 1179; x_wconf 84' lang='lat' dir='ltr'><strong>Rex¹</strong></span> <span class='ocrx_word' id='word_1_23' title='bbox 580 1114 737 1178; x_wconf 91' lang='lat' dir='ltr'><strong>omnibus</strong></span> <span class='ocrx_word' id='word_1_24' title='bbox 765 1114 807 1178; x_wconf 92' lang='lat' dir='ltr'><strong>ad</strong></span> <span class='ocrx_word' id='word_1_25' title='bbox 832 1132 918 1196; x_wconf 89' lang='lat' dir='ltr'><strong>quos</strong></span> <span class='ocrx_word' id='word_1_26' title='bbox 942 1119 1130 1197; x_wconf 74' lang='lat' dir='ltr'><strong>praesentes</strong></span> <span class='ocrx_word' id='word_1_27' title='bbox 1149 1112 1261 1179; x_wconf 90' lang='lat' dir='ltr'><strong>literae</strong></span> <span class='ocrx_word' id='word_1_28' title='bbox 1285 1133 1363 1210; x_wconf 83' lang='lat' dir='ltr'><strong>per-</strong></span> 
     </span>
    </p>
   </div>
   <div class='ocr_carea' id='block_1_5' title="bbox 253 1211 1408 1513">
    <p class='ocr_par' dir='ltr' id='par_1_5' title="bbox 253 1211 1408 1513">
     <span class='ocr_line' id='line_1_6' title="bbox 253 1211 1408 1306; baseline 0.004 -33"><span class='ocrx_word' id='word_1_29' title='bbox 253 1218 365 1306; x_wconf 51' lang='lat' dir='ltr'><strong>{mos</strong></span> <span class='ocrx_word' id='word_1_30' title='bbox 417 1213 584 1289; x_wconf 86' lang='lat' dir='ltr'><strong>venerint,</strong></span> <span class='ocrx_word' id='word_1_31' title='bbox 606 1213 764 1279; x_wconf 89' lang='lat' dir='ltr'><strong>salutem.</strong></span> <span class='ocrx_word' id='word_1_32' title='bbox 817 1211 861 1275; x_wconf 90' lang='lat' dir='ltr'><strong>In</strong></span> <span class='ocrx_word' id='word_1_33' title='bbox 878 1213 1051 1295; x_wconf 80' lang='lat' dir='ltr'>publicam</span> <span class='ocrx_word' id='word_1_34' title='bbox 1072 1232 1140 1276; x_wconf 93' lang='lat' dir='ltr'><strong>non</strong></span> <span class='ocrx_word' id='word_1_35' title='bbox 1158 1213 1363 1294; x_wconf 79' lang='lat' dir='ltr'><strong>ambigimus</strong></span> <span class='ocrx_word' id='word_1_36' title='bbox 1406 1268 1408 1272; x_wconf 95' lang='lat'>.</span> 
     </span>
     <span class='ocr_line' id='line_1_7' title="bbox 253 1310 1363 1406; baseline 0.002 -32"><span class='ocrx_word' id='word_1_37' title='bbox 253 1316 368 1406; x_wconf 54' lang='lat' dir='ltr'><strong>{1¹33}ss</strong></span> <span class='ocrx_word' id='word_1_38' title='bbox 417 1313 574 1378; x_wconf 82' lang='lat' dir='ltr'><strong>notitiam</strong></span> <span class='ocrx_word' id='word_1_39' title='bbox 609 1312 787 1376; x_wconf 88' lang='lat' dir='ltr'><strong>devenisse</strong></span> <span class='ocrx_word' id='word_1_40' title='bbox 828 1311 977 1394; x_wconf 86' lang='lat' dir='ltr'><strong>qualiter</strong></span> <span class='ocrx_word' id='word_1_41' title='bbox 1013 1310 1156 1376; x_wconf 88' lang='lat' dir='ltr'><strong>celebris</strong></span> <span class='ocrx_word' id='word_1_42' title='bbox 1190 1313 1363 1376; x_wconf 87' lang='lat' dir='ltr'><strong>memoriae</strong></span> 
     </span>
     <span class='ocr_line' id='line_1_8' title="bbox 253 1409 1363 1513; baseline 0.005 -44"><span class='ocrx_word' id='word_1_43' title='bbox 253 1409 556 1513; x_wconf 46' lang='lat' dir='ltr'><strong>ffiffitcarolo,</strong></span> <span class='ocrx_word' id='word_1_44' title='bbox 587 1429 669 1490; x_wconf 86' lang='lat' dir='ltr'><strong>rege</strong></span> <span class='ocrx_word' id='word_1_45' title='bbox 704 1409 873 1485; x_wconf 86' lang='lat' dir='ltr'><strong>Franciae,</strong></span> <span class='ocrx_word' id='word_1_46' title='bbox 903 1410 1010 1473; x_wconf 86' lang='lat' dir='ltr'><strong>fratre</strong></span> <span class='ocrx_word' id='word_1_47' title='bbox 1044 1410 1270 1474; x_wconf 87' lang='lat' dir='ltr'><strong>serenissimae</strong></span> <span class='ocrx_word' id='word_1_48' title='bbox 1304 1411 1363 1475; x_wconf 89' lang='lat' dir='ltr'><strong>do-</strong></span> 
     </span>
    </p>
   </div>
   <div class='ocr_carea' id='block_1_6' title="bbox 253 1506 1362 1603">
    <p class='ocr_par' dir='ltr' id='par_1_6' title="bbox 253 1506 1362 1603">
     <span class='ocr_line' id='line_1_9' title="bbox 253 1506 1362 1603; baseline 0.012 -42"><span class='ocrx_word' id='word_1_49' title='bbox 253 1514 396 1603; x_wconf 54' lang='lat'><strong>3¹222⁹⁸⁸⁰⁰</strong></span> <span class='ocrx_word' id='word_1_50' title='bbox 417 1509 518 1573; x_wconf 89' lang='lat' dir='ltr'><strong>minae</strong></span> <span class='ocrx_word' id='word_1_51' title='bbox 550 1509 723 1584; x_wconf 87' lang='lat' dir='ltr'><strong>Isabellae‚</strong></span> <span class='ocrx_word' id='word_1_52' title='bbox 752 1509 880 1589; x_wconf 78' lang='lat' dir='ltr'><strong>reginae</strong></span> <span class='ocrx_word' id='word_1_53' title='bbox 908 1506 1045 1589; x_wconf 86' lang='lat' dir='ltr'><strong>Angliae</strong></span> <span class='ocrx_word' id='word_1_54' title='bbox 1073 1508 1195 1572; x_wconf 90' lang='lat' dir='ltr'><strong>matris</strong></span> <span class='ocrx_word' id='word_1_55' title='bbox 1222 1516 1362 1586; x_wconf 85' lang='lat' dir='ltr'><strong>nostrae,</strong></span> 
     </span>
    </p>
   </div>
   <div class='ocr_carea' id='block_1_7' title="bbox 255 1575 1367 4059">
    <p class='ocr_par' dir='ltr' id='par_1_7' title="bbox 255 1575 1367 4059">
     <span class='ocr_line' id='line_1_10' title="bbox 255 1575 1363 1703; baseline 0.002 -32"><span class='ocrx_word' id='word_1_56' title='bbox 255 1575 338 1703; x_wconf 60' lang='lat' dir='ltr'><strong>{pm</strong></span> <span class='ocrx_word' id='word_1_57' title='bbox 416 1607 509 1672; x_wconf 87' lang='lat' dir='ltr'><strong>viam</strong></span> <span class='ocrx_word' id='word_1_58' title='bbox 538 1608 708 1672; x_wconf 78' lang='lat' dir='ltr'><strong>uuiversae</strong></span> <span class='ocrx_word' id='word_1_59' title='bbox 738 1607 852 1671; x_wconf 88' lang='lat' dir='ltr'><strong>carnis</strong></span> <span class='ocrx_word' id='word_1_60' title='bbox 878 1607 1045 1689; x_wconf 85' lang='lat' dir='ltr'><strong>ingresso,</strong></span> <span class='ocrx_word' id='word_1_61' title='bbox 1070 1607 1163 1673; x_wconf 88' lang='lat' dir='ltr'><strong>dicto</strong></span> <span class='ocrx_word' id='word_1_62' title='bbox 1186 1627 1293 1689; x_wconf 89' lang='lat' dir='ltr'><strong>regno</strong></span> <span class='ocrx_word' id='word_1_63' title='bbox 1319 1609 1363 1688; x_wconf 84' lang='lat' dir='ltr'><strong>ad</strong></span> 
     </span>
     <span class='ocr_line' id='line_1_11' title="bbox 286 1673 1364 1787; baseline 0 -16"><span class='ocrx_word' id='word_1_64' title='bbox 286 1673 322 1712; x_wconf 46' lang='grc' dir='ltr'><strong>η’</strong></span> <span class='ocrx_word' id='word_1_65' title='bbox 417 1725 492 1783; x_wconf 83' lang='lat' dir='ltr'><strong>uos,</strong></span> <span class='ocrx_word' id='word_1_66' title='bbox 514 1712 553 1769; x_wconf 91' lang='lat' dir='ltr'><strong>ut</strong></span> <span class='ocrx_word' id='word_1_67' title='bbox 578 1706 622 1769; x_wconf 91' lang='lat' dir='ltr'><strong>ad</strong></span> <span class='ocrx_word' id='word_1_68' title='bbox 647 1706 845 1787; x_wconf 85' lang='lat' dir='ltr'><strong>proximum</strong></span> <span class='ocrx_word' id='word_1_69' title='bbox 868 1704 1038 1771; x_wconf 80' lang='lat' dir='ltr'><strong>haeredem</strong></span> <span class='ocrx_word' id='word_1_70' title='bbox 1063 1707 1255 1770; x_wconf 90' lang='lat' dir='ltr'><strong>masculum</strong></span> <span class='ocrx_word' id='word_1_71' title='bbox 1280 1707 1364 1771; x_wconf 92' lang='lat' dir='ltr'><strong>dicti</strong></span> 
     </span>
     <span class='ocr_line' id='line_1_12' title="bbox 416 1804 1364 1886; baseline 0 -18"><span class='ocrx_word' id='word_1_72' title='bbox 416 1806 521 1886; x_wconf 84' lang='lat' dir='ltr'><strong>regis,</strong></span> <span class='ocrx_word' id='word_1_73' title='bbox 537 1812 620 1869; x_wconf 93' lang='lat' dir='ltr'><strong>tunc</strong></span> <span class='ocrx_word' id='word_1_74' title='bbox 634 1805 668 1866; x_wconf 93' lang='lat' dir='ltr'><strong>in</strong></span> <span class='ocrx_word' id='word_1_75' title='bbox 689 1804 847 1867; x_wconf 86' lang='lat' dir='ltr'><strong>humanis</strong></span> <span class='ocrx_word' id='word_1_76' title='bbox 869 1806 1017 1886; x_wconf 78' lang='lat' dir='ltr'><strong>agentis,</strong></span> <span class='ocrx_word' id='word_1_77' title='bbox 1039 1805 1364 1871; x_wconf 65' lang='lat' dir='ltr'><strong>incommutabiliter</strong></span> 
     </span>
     <span class='ocr_line' id='line_1_13' title="bbox 415 1902 1363 1988; baseline 0.001 -22"><span class='ocrx_word' id='word_1_78' title='bbox 415 1903 591 1980; x_wconf 84' lang='lat' dir='ltr'><strong>devoluto,</strong></span> <span class='ocrx_word' id='word_1_79' title='bbox 620 1902 778 1967; x_wconf 90' lang='lat' dir='ltr'><strong>dominus</strong></span> <span class='ocrx_word' id='word_1_80' title='bbox 808 1903 990 1988; x_wconf 86' lang='lat' dir='ltr'><strong>Philippus</strong></span> <span class='ocrx_word' id='word_1_81' title='bbox 1022 1904 1065 1968; x_wconf 90' lang='lat' dir='ltr'><strong>de</strong></span> <span class='ocrx_word' id='word_1_82' title='bbox 1093 1903 1247 1983; x_wconf 90' lang='lat' dir='ltr'><strong>Valesio,</strong></span> <span class='ocrx_word' id='word_1_83' title='bbox 1272 1904 1363 1980; x_wconf 84' lang='lat' dir='ltr'><strong>filius</strong></span> 
     </span>
     <span class='ocr_line' id='line_1_14' title="bbox 416 2001 1362 2084; baseline 0.001 -18"><span class='ocrx_word' id='word_1_84' title='bbox 416 2003 578 2066; x_wconf 86' lang='lat' dir='ltr'><strong>avunculi</strong></span> <span class='ocrx_word' id='word_1_85' title='bbox 610 2001 694 2066; x_wconf 90' lang='lat' dir='ltr'><strong>dicti</strong></span> <span class='ocrx_word' id='word_1_86' title='bbox 729 2002 833 2082; x_wconf 87' lang='lat' dir='ltr'><strong>regis,</strong></span> <span class='ocrx_word' id='word_1_87' title='bbox 872 2012 908 2068; x_wconf 90' lang='lat' dir='ltr'><strong>et</strong></span> <span class='ocrx_word' id='word_1_88' title='bbox 944 2003 994 2066; x_wconf 92' lang='lat' dir='ltr'><strong>sic</strong></span> <span class='ocrx_word' id='word_1_89' title='bbox 1030 2003 1143 2084; x_wconf 90' lang='lat' dir='ltr'><strong>ipsum</strong></span> <span class='ocrx_word' id='word_1_90' title='bbox 1179 2004 1216 2067; x_wconf 95' lang='lat' dir='ltr'><strong>in</strong></span> <span class='ocrx_word' id='word_1_91' title='bbox 1252 2004 1362 2084; x_wconf 88' lang='lat' dir='ltr'><strong>gradu</strong></span> 
     </span>
     <span class='ocr_line' id='line_1_15' title="bbox 416 2101 1362 2184; baseline 0.002 -20"><span class='ocrx_word' id='word_1_92' title='bbox 416 2103 590 2166; x_wconf 83' lang='lat' dir='ltr'><strong>remotiori</strong></span> <span class='ocrx_word' id='word_1_93' title='bbox 607 2101 916 2182; x_wconf 83' lang='lat' dir='ltr'><strong>consanguinitatis</strong></span> <span class='ocrx_word' id='word_1_94' title='bbox 936 2101 1121 2181; x_wconf 87' lang='lat' dir='ltr'><strong>attingens,</strong></span> <span class='ocrx_word' id='word_1_95' title='bbox 1137 2101 1268 2166; x_wconf 88' lang='lat' dir='ltr'><strong>dictum</strong></span> <span class='ocrx_word' id='word_1_96' title='bbox 1284 2123 1362 2184; x_wconf 89' lang='lat' dir='ltr'><strong>reg·</strong></span> 
     </span>
     <span class='ocr_line' id='line_1_16' title="bbox 417 2200 1363 2282; baseline 0.002 -19"><span class='ocrx_word' id='word_1_97' title='bbox 417 2220 511 2278; x_wconf 91' lang='lat' dir='ltr'><strong>num,</strong></span> <span class='ocrx_word' id='word_1_98' title='bbox 527 2201 607 2264; x_wconf 91' lang='lat' dir='ltr'><strong>dum</strong></span> <span class='ocrx_word' id='word_1_99' title='bbox 631 2219 767 2264; x_wconf 86' lang='lat' dir='ltr'><strong>eramus</strong></span> <span class='ocrx_word' id='word_1_100' title='bbox 785 2200 820 2262; x_wconf 91' lang='lat' dir='ltr'><strong>in</strong></span> <span class='ocrx_word' id='word_1_101' title='bbox 844 2201 943 2264; x_wconf 88' lang='lat' dir='ltr'><strong>annis</strong></span> <span class='ocrx_word' id='word_1_102' title='bbox 961 2200 1148 2264; x_wconf 90' lang='lat' dir='ltr'><strong>minoribus</strong></span> <span class='ocrx_word' id='word_1_103' title='bbox 1170 2201 1363 2282; x_wconf 88' lang='lat' dir='ltr'><strong>constituti,</strong></span> 
     </span>
     <span class='ocr_line' id='line_1_17' title="bbox 416 2299 1364 2383; baseline 0 -21"><span class='ocrx_word' id='word_1_104' title='bbox 416 2299 482 2363; x_wconf 87' lang='lat' dir='ltr'><strong>sibi</strong></span> <span class='ocrx_word' id='word_1_105' title='bbox 512 2320 574 2382; x_wconf 93' lang='lat' dir='ltr'><strong>per</strong></span> <span class='ocrx_word' id='word_1_106' title='bbox 602 2299 803 2382; x_wconf 83' lang='lat' dir='ltr'><strong>potentiam,</strong></span> <span class='ocrx_word' id='word_1_107' title='bbox 832 2305 953 2364; x_wconf 88' lang='lat' dir='ltr'><strong>contra</strong></span> <span class='ocrx_word' id='word_1_108' title='bbox 981 2299 1095 2362; x_wconf 89' lang='lat' dir='ltr'><strong>Deum</strong></span> <span class='ocrx_word' id='word_1_109' title='bbox 1119 2307 1155 2363; x_wconf 90' lang='lat' dir='ltr'><strong>et</strong></span> <span class='ocrx_word' id='word_1_110' title='bbox 1179 2300 1364 2383; x_wconf 89' lang='lat' dir='ltr'><strong>justitiam,</strong></span> 
     </span>
     <span class='ocr_line' id='line_1_18' title="bbox 417 2396 1365 2482; baseline -0.005 -20"><span class='ocrx_word' id='word_1_111' title='bbox 417 2400 610 2482; x_wconf 86' lang='lat' dir='ltr'><strong>usurpavit,</strong></span> <span class='ocrx_word' id='word_1_112' title='bbox 640 2407 675 2463; x_wconf 90' lang='lat' dir='ltr'><strong>et</strong></span> <span class='ocrx_word' id='word_1_113' title='bbox 703 2398 754 2461; x_wconf 90' lang='lat' dir='ltr'><strong>sic</strong></span> <span class='ocrx_word' id='word_1_114' title='bbox 785 2396 869 2461; x_wconf 94' lang='lat' dir='ltr'><strong>illud</strong></span> <span class='ocrx_word' id='word_1_115' title='bbox 900 2397 1030 2462; x_wconf 81' lang='lat' dir='ltr'><strong>detinet</strong></span> <span class='ocrx_word' id='word_1_116' title='bbox 1063 2407 1281 2480; x_wconf 90' lang='lat' dir='ltr'><strong>occupatum,</strong></span> <span class='ocrx_word' id='word_1_117' title='bbox 1306 2400 1365 2462; x_wconf 78' lang='lat' dir='ltr'><strong>in&#39;.</strong></span> 
     </span>
     <span class='ocr_line' id='line_1_19' title="bbox 417 2497 1365 2578; baseline 0.002 -18"><span class='ocrx_word' id='word_1_118' title='bbox 417 2497 547 2562; x_wconf 84' lang='lat' dir='ltr'><strong>vadens</strong></span> <span class='ocrx_word' id='word_1_119' title='bbox 578 2498 733 2572; x_wconf 89' lang='lat' dir='ltr'><strong>ulterius,</strong></span> <span class='ocrx_word' id='word_1_120' title='bbox 773 2505 929 2574; x_wconf 87' lang='lat' dir='ltr'><strong>vastans,</strong></span> <span class='ocrx_word' id='word_1_121' title='bbox 967 2502 1002 2560; x_wconf 92' lang='lat' dir='ltr'><strong>et</strong></span> <span class='ocrx_word' id='word_1_122' title='bbox 1040 2515 1215 2578; x_wconf 88' lang='lat' dir='ltr'><strong>occupans</strong></span> <span class='ocrx_word' id='word_1_123' title='bbox 1247 2501 1365 2562; x_wconf 61' lang='lat' dir='ltr'><strong>‘terras</strong></span> 
     </span>
     <span class='ocr_line' id='line_1_20' title="bbox 418 2594 1367 2677; baseline 0.005 -21"><span class='ocrx_word' id='word_1_124' title='bbox 418 2603 554 2659; x_wconf 88' lang='lat' dir='ltr'><strong>nostras</strong></span> <span class='ocrx_word' id='word_1_125' title='bbox 577 2597 613 2659; x_wconf 92' lang='lat' dir='ltr'><strong>in</strong></span> <span class='ocrx_word' id='word_1_126' title='bbox 636 2597 766 2660; x_wconf 86' lang='lat' dir='ltr'><strong>ducatu</strong></span> <span class='ocrx_word' id='word_1_127' title='bbox 791 2601 910 2658; x_wconf 87' lang='lat' dir='ltr'><strong>nostro</strong></span> <span class='ocrx_word' id='word_1_128' title='bbox 926 2594 1159 2677; x_wconf 86' lang='lat' dir='ltr'><strong>Aquitanniac,</strong></span> <span class='ocrx_word' id='word_1_129' title='bbox 1184 2603 1219 2660; x_wconf 90' lang='lat' dir='ltr'><strong>et</strong></span> <span class='ocrx_word' id='word_1_130' title='bbox 1243 2603 1367 2661; x_wconf 89' lang='lat' dir='ltr'><strong>contra</strong></span> 
     </span>
     <span class='ocr_line' id='line_1_21' title="bbox 418 2691 1363 2776; baseline 0.005 -21"><span class='ocrx_word' id='word_1_131' title='bbox 418 2713 481 2757; x_wconf 87' lang='lat' dir='ltr'><strong>nos</strong></span> <span class='ocrx_word' id='word_1_132' title='bbox 512 2694 625 2759; x_wconf 87' lang='lat' dir='ltr'><strong>Scotis</strong></span> <span class='ocrx_word' id='word_1_133' title='bbox 657 2691 840 2758; x_wconf 86' lang='lat' dir='ltr'><strong>rebellibus</strong></span> <span class='ocrx_word' id='word_1_134' title='bbox 868 2693 995 2757; x_wconf 89' lang='lat' dir='ltr'><strong>nostris</strong></span> <span class='ocrx_word' id='word_1_135' title='bbox 1027 2712 1064 2757; x_wconf 92' lang='lat' dir='ltr'><strong>se</strong></span> <span class='ocrx_word' id='word_1_136' title='bbox 1093 2693 1299 2776; x_wconf 86' lang='lat' dir='ltr'><strong>adjungens,</strong></span> <span class='ocrx_word' id='word_1_137' title='bbox 1327 2705 1363 2761; x_wconf 89' lang='lat' dir='ltr'><strong>et</strong></span> 
     </span>
     <span class='ocr_line' id='line_1_22' title="bbox 417 2791 1364 2874; baseline 0.001 -19"><span class='ocrx_word' id='word_1_138' title='bbox 417 2791 506 2856; x_wconf 86' lang='lat' dir='ltr'><strong>alias</strong></span> <span class='ocrx_word' id='word_1_139' title='bbox 524 2793 567 2856; x_wconf 88' lang='lat' dir='ltr'><strong>ad</strong></span> <span class='ocrx_word' id='word_1_140' title='bbox 588 2793 698 2856; x_wconf 84' lang='lat' dir='ltr'><strong>nostri</strong></span> <span class='ocrx_word' id='word_1_141' title='bbox 719 2799 983 2874; x_wconf 88' lang='lat' dir='ltr'><strong>nostrorumque</strong></span> <span class='ocrx_word' id='word_1_142' title='bbox 1005 2793 1275 2870; x_wconf 85' lang='lat' dir='ltr'><strong>subversionem,</strong></span> <span class='ocrx_word' id='word_1_143' title='bbox 1293 2801 1364 2857; x_wconf 85' lang='lat' dir='ltr'><strong>tem</strong></span> 
     </span>
     <span class='ocr_line' id='line_1_23' title="bbox 418 2891 1365 2975; baseline 0.001 -20"><span class='ocrx_word' id='word_1_144' title='bbox 418 2891 454 2955; x_wconf 89' lang='lat' dir='ltr'><strong>in</strong></span> <span class='ocrx_word' id='word_1_145' title='bbox 472 2898 575 2973; x_wconf 84' lang='lat' dir='ltr'><strong>¹terra</strong></span> <span class='ocrx_word' id='word_1_146' title='bbox 598 2910 702 2973; x_wconf 89' lang='lat' dir='ltr'><strong>quam</strong></span> <span class='ocrx_word' id='word_1_147' title='bbox 727 2892 763 2955; x_wconf 93' lang='lat' dir='ltr'><strong>in</strong></span> <span class='ocrx_word' id='word_1_148' title='bbox 788 2892 888 2970; x_wconf 87' lang='lat' dir='ltr'><strong>mari,</strong></span> <span class='ocrx_word' id='word_1_149' title='bbox 913 2892 1075 2955; x_wconf 87' lang='lat' dir='ltr'><strong>laborans</strong></span> <span class='ocrx_word' id='word_1_150' title='bbox 1093 2911 1156 2975; x_wconf 90' lang='lat' dir='ltr'><strong>pro</strong></span> <span class='ocrx_word' id='word_1_151' title='bbox 1174 2893 1305 2956; x_wconf 89' lang='lat' dir='ltr'><strong>viribus</strong></span> <span class='ocrx_word' id='word_1_152' title='bbox 1329 2900 1365 2956; x_wconf 91' lang='lat' dir='ltr'><strong>et</strong></span> 
     </span>
     <span class='ocr_line' id='line_1_24' title="bbox 418 2989 1364 3072; baseline 0.003 -20"><span class='ocrx_word' id='word_1_153' title='bbox 418 2989 577 3056; x_wconf 87' lang='lat' dir='ltr'><strong>innitens.</strong></span> <span class='ocrx_word' id='word_1_154' title='bbox 624 2990 670 3054; x_wconf 89' lang='lat' dir='ltr'><strong>Et</strong></span> <span class='ocrx_word' id='word_1_155' title='bbox 686 2989 767 3053; x_wconf 90' lang='lat' dir='ltr'><strong>licet</strong></span> <span class='ocrx_word' id='word_1_156' title='bbox 783 3008 846 3053; x_wconf 90' lang='lat' dir='ltr'><strong>nos</strong></span> <span class='ocrx_word' id='word_1_157' title='bbox 864 3008 926 3072; x_wconf 90' lang='lat' dir='ltr'><strong>pro</strong></span> <span class='ocrx_word' id='word_1_158' title='bbox 945 2991 1094 3054; x_wconf 91' lang='lat' dir='ltr'><strong>vitandis</strong></span> <span class='ocrx_word' id='word_1_159' title='bbox 1113 2990 1245 3056; x_wconf 92' lang='lat' dir='ltr'><strong>damnis</strong></span> <span class='ocrx_word' id='word_1_160' title='bbox 1261 2991 1364 3055; x_wconf 88' lang='lat' dir='ltr'><strong>inaes-</strong></span> 
     </span>
     <span class='ocr_line' id='line_1_25' title="bbox 417 3089 1365 3171; baseline 0.001 -19"><span class='ocrx_word' id='word_1_161' title='bbox 417 3089 641 3166; x_wconf 88' lang='lat' dir='ltr'><strong>timabilibus,</strong></span> <span class='ocrx_word' id='word_1_162' title='bbox 655 3108 732 3170; x_wconf 90' lang='lat' dir='ltr'><strong>quae</strong></span> <span class='ocrx_word' id='word_1_163' title='bbox 747 3089 912 3152; x_wconf 89' lang='lat' dir='ltr'><strong>timentur</strong></span> <span class='ocrx_word' id='word_1_164' title='bbox 928 3107 973 3152; x_wconf 86' lang='lat' dir='ltr'><strong>ex</strong></span> <span class='ocrx_word' id='word_1_165' title='bbox 989 3090 1218 3155; x_wconf 84' lang='lat' dir='ltr'><strong>commotione</strong></span> <span class='ocrx_word' id='word_1_166' title='bbox 1232 3108 1365 3171; x_wconf 80' lang='lat' dir='ltr'><strong>guerrae</strong></span> 
     </span>
     <span class='ocr_line' id='line_1_26' title="bbox 418 3187 1364 3271; baseline 0.002 -21"><span class='ocrx_word' id='word_1_167' title='bbox 418 3187 589 3252; x_wconf 90' lang='lat' dir='ltr'><strong>internos</strong></span> <span class='ocrx_word' id='word_1_168' title='bbox 609 3196 645 3253; x_wconf 90' lang='lat' dir='ltr'><strong>et</strong></span> <span class='ocrx_word' id='word_1_169' title='bbox 668 3187 780 3270; x_wconf 90' lang='lat' dir='ltr'><strong>ipsum</strong></span> <span class='ocrx_word' id='word_1_170' title='bbox 800 3206 904 3268; x_wconf 89' lang='lat' dir='ltr'><strong>posse</strong></span> <span class='ocrx_word' id='word_1_171' title='bbox 921 3187 1150 3254; x_wconf 88' lang='lat' dir='ltr'><strong>verisimiliter</strong></span> <span class='ocrx_word' id='word_1_172' title='bbox 1172 3189 1364 3271; x_wconf 90' lang='lat' dir='ltr'><strong>provenire,</strong></span> 
     </span>
     <span class='ocr_line' id='line_1_27' title="bbox 417 3285 1365 3370; baseline 0.003 -22"><span class='ocrx_word' id='word_1_173' title='bbox 417 3287 642 3351; x_wconf 87' lang='lat' dir='ltr'><strong>obtulerimus</strong></span> <span class='ocrx_word' id='word_1_174' title='bbox 672 3285 818 3368; x_wconf 85' lang='lat' dir='ltr'><strong>praefato</strong></span> <span class='ocrx_word' id='word_1_175' title='bbox 848 3285 1010 3368; x_wconf 93' lang='lat' dir='ltr'><strong>Philippo</strong></span> <span class='ocrx_word' id='word_1_176' title='bbox 1046 3287 1163 3370; x_wconf 89' lang='lat' dir='ltr'><strong>plures</strong></span> <span class='ocrx_word' id='word_1_177' title='bbox 1199 3288 1365 3351; x_wconf 88' lang='lat' dir='ltr'><strong>amabiles</strong></span> 
     </span>
     <span class='ocr_line' id='line_1_28' title="bbox 417 3384 1365 3468; baseline 0.001 -21"><span class='ocrx_word' id='word_1_178' title='bbox 417 3385 493 3448; x_wconf 88' lang='lat' dir='ltr'><strong>vias</strong></span> <span class='ocrx_word' id='word_1_179' title='bbox 522 3385 630 3468; x_wconf 91' lang='lat' dir='ltr'><strong>pacis,</strong></span> <span class='ocrx_word' id='word_1_180' title='bbox 660 3404 728 3447; x_wconf 93' lang='lat' dir='ltr'><strong>non</strong></span> <span class='ocrx_word' id='word_1_181' title='bbox 753 3384 827 3447; x_wconf 90' lang='lat' dir='ltr'><strong>sine</strong></span> <span class='ocrx_word' id='word_1_182' title='bbox 859 3402 987 3466; x_wconf 88' lang='lat' dir='ltr'><strong>magno</strong></span> <span class='ocrx_word' id='word_1_183' title='bbox 1010 3385 1207 3451; x_wconf 87' lang='lat' dir='ltr'><strong>nostrorum</strong></span> <span class='ocrx_word' id='word_1_184' title='bbox 1233 3385 1365 3468; x_wconf 91' lang='lat' dir='ltr'><strong>jurium</strong></span> 
     </span>
     <span class='ocr_line' id='line_1_29' title="bbox 416 3482 1366 3566; baseline 0.002 -21"><span class='ocrx_word' id='word_1_185' title='bbox 416 3483 634 3559; x_wconf 86' lang='lat' dir='ltr'><strong>detrimento,</strong></span> <span class='ocrx_word' id='word_1_186' title='bbox 657 3490 696 3546; x_wconf 90' lang='lat' dir='ltr'><strong>ut</strong></span> <span class='ocrx_word' id='word_1_187' title='bbox 722 3484 772 3546; x_wconf 91' lang='lat' dir='ltr'><strong>sic</strong></span> <span class='ocrx_word' id='word_1_188' title='bbox 793 3490 915 3547; x_wconf 84' lang='lat' dir='ltr'><strong>contra</strong></span> <span class='ocrx_word' id='word_1_189' title='bbox 940 3482 1160 3566; x_wconf 86' lang='lat' dir='ltr'><strong>blasphemos</strong></span> <span class='ocrx_word' id='word_1_190' title='bbox 1179 3483 1366 3549; x_wconf 86' lang='lat' dir='ltr'><strong>Christiani</strong></span> 
     </span>
     <span class='ocr_line' id='line_1_30' title="bbox 419 3579 1367 3665; baseline 0.007 -24"><span class='ocrx_word' id='word_1_191' title='bbox 419 3581 575 3655; x_wconf 93' lang='lat' dir='ltr'><strong>nominis,</strong></span> <span class='ocrx_word' id='word_1_192' title='bbox 598 3581 634 3644; x_wconf 94' lang='lat' dir='ltr'><strong>in</strong></span> <span class='ocrx_word' id='word_1_193' title='bbox 656 3588 775 3643; x_wconf 90' lang='lat' dir='ltr'><strong>sancto</strong></span> <span class='ocrx_word' id='word_1_194' title='bbox 795 3579 958 3662; x_wconf 90' lang='lat' dir='ltr'><strong>passagio</strong></span> <span class='ocrx_word' id='word_1_195' title='bbox 983 3583 1225 3660; x_wconf 86' lang='lat' dir='ltr'><strong>transmarino,</strong></span> <span class='ocrx_word' id='word_1_196' title='bbox 1248 3582 1367 3665; x_wconf 87' lang='lat' dir='ltr'><strong>posse·</strong></span> 
     </span>
     <span class='ocr_line' id='line_1_31' title="bbox 418 3678 1367 3762; baseline 0.004 -20"><span class='ocrx_word' id='word_1_197' title='bbox 418 3697 507 3755; x_wconf 87' lang='lat' dir='ltr'><strong>mus,</strong></span> <span class='ocrx_word' id='word_1_198' title='bbox 533 3679 624 3742; x_wconf 87' lang='lat' dir='ltr'><strong>sicut</strong></span> <span class='ocrx_word' id='word_1_199' title='bbox 654 3679 822 3760; x_wconf 69' lang='lat' dir='ltr'><strong>cupimus</strong></span> <span class='ocrx_word' id='word_1_200' title='bbox 855 3678 1031 3745; x_wconf 87' lang='lat' dir='ltr'><strong>intendere</strong></span> <span class='ocrx_word' id='word_1_201' title='bbox 1060 3699 1195 3762; x_wconf 79' lang='lat' dir='ltr'><strong>guerrae</strong></span> <span class='ocrx_word' id='word_1_202' title='bbox 1226 3681 1367 3760; x_wconf 86' lang='lat' dir='ltr'><strong>Christi,</strong></span> 
     </span>
     <span class='ocr_line' id='line_1_32' title="bbox 418 3777 1367 3860; baseline 0.005 -20"><span class='ocrx_word' id='word_1_203' title='bbox 418 3797 496 3859; x_wconf 87' lang='lat' dir='ltr'><strong>quae</strong></span> <span class='ocrx_word' id='word_1_204' title='bbox 523 3777 722 3859; x_wconf 82' lang='lat' dir='ltr'><strong>negligitur,</strong></span> <span class='ocrx_word' id='word_1_205' title='bbox 744 3777 966 3859; x_wconf 84' lang='lat' dir='ltr'><strong>prohdolor!</strong></span> <span class='ocrx_word' id='word_1_206' title='bbox 992 3779 1028 3842; x_wconf 90' lang='lat' dir='ltr'><strong>in</strong></span> <span class='ocrx_word' id='word_1_207' title='bbox 1054 3779 1277 3860; x_wconf 83' lang='lat' dir='ltr'><strong>ignominiam</strong></span> <span class='ocrx_word' id='word_1_208' title='bbox 1297 3801 1367 3845; x_wconf 93' lang='lat' dir='ltr'><strong>non</strong></span> 
     </span>
     <span class='ocr_line' id='line_1_33' title="bbox 418 3874 1367 3960; baseline 0.003 -19"><span class='ocrx_word' id='word_1_209' title='bbox 418 3876 588 3943; x_wconf 86' lang='lat' dir='ltr'><strong>modicam</strong></span> <span class='ocrx_word' id='word_1_210' title='bbox 609 3874 740 3940; x_wconf 88' lang='lat' dir='ltr'><strong>militiae</strong></span> <span class='ocrx_word' id='word_1_211' title='bbox 765 3874 984 3941; x_wconf 88' lang='lat' dir='ltr'><strong>Christianae.</strong></span> <span class='ocrx_word' id='word_1_212' title='bbox 1036 3877 1119 3960; x_wconf 88' lang='lat' dir='ltr'><strong>Ipse</strong></span> <span class='ocrx_word' id='word_1_213' title='bbox 1145 3885 1273 3956; x_wconf 87' lang='lat' dir='ltr'><strong>tamen,</strong></span> <span class='ocrx_word' id='word_1_214' title='bbox 1291 3879 1367 3947; x_wconf 82' lang='lat' dir='ltr'><strong>vul-</strong></span> 
     </span>
     <span class='ocr_line' id='line_1_34' title="bbox 418 3974 1367 4059; baseline 0.004 -22"><span class='ocrx_word' id='word_1_215' title='bbox 418 3976 501 4057; x_wconf 88' lang='lat' dir='ltr'><strong>pina</strong></span> <span class='ocrx_word' id='word_1_216' title='bbox 526 3975 718 4039; x_wconf 85' lang='lat' dir='ltr'><strong>calliditate</strong></span> <span class='ocrx_word' id='word_1_217' title='bbox 741 3974 802 4039; x_wconf 94' lang='lat' dir='ltr'><strong>diu</strong></span> <span class='ocrx_word' id='word_1_218' title='bbox 825 3975 889 4038; x_wconf 90' lang='lat' dir='ltr'><strong>sub</strong></span> <span class='ocrx_word' id='word_1_219' title='bbox 911 3976 1044 4041; x_wconf 90' lang='lat' dir='ltr'><strong>incerto</strong></span> <span class='ocrx_word' id='word_1_220' title='bbox 1066 3997 1129 4044; x_wconf 91' lang='lat' dir='ltr'><strong>nos</strong></span> <span class='ocrx_word' id='word_1_221' title='bbox 1143 3978 1367 4059; x_wconf 87' lang='lat' dir='ltr'><strong>protrahens,</strong></span> 
     </span>
    </p>
   </div>
   <div class='ocr_carea' id='block_1_8' title="bbox 416 4145 1370 4287">
    <p class='ocr_par' dir='ltr' id='par_1_8' title="bbox 416 4145 1370 4287">
     <span class='ocr_line' id='line_1_35' title="bbox 454 4145 1370 4213; baseline 0.012 -17"><span class='ocrx_word' id='word_1_222' title='bbox 454 4145 462 4175; x_wconf 87' lang='lat'><strong>¹</strong></span> <span class='ocrx_word' id='word_1_223' title='bbox 479 4149 527 4197; x_wconf 86' lang='lat' dir='ltr'><strong>See</strong></span> <span class='ocrx_word' id='word_1_224' title='bbox 539 4163 556 4197; x_wconf 79' lang='lat' dir='ltr'><strong>a</strong></span> <span class='ocrx_word' id='word_1_225' title='bbox 565 4149 709 4198; x_wconf 85' lang='lat' dir='ltr'><strong>contracted</strong></span> <span class='ocrx_word' id='word_1_226' title='bbox 718 4149 782 4198; x_wconf 80' lang='lat' dir='ltr'><strong>form</strong></span> <span class='ocrx_word' id='word_1_227' title='bbox 792 4150 821 4199; x_wconf 86' lang='lat' dir='ltr'><strong>ol</strong></span> <span class='ocrx_word' id='word_1_228' title='bbox 829 4151 880 4200; x_wconf 88' lang='lat' dir='ltr'><strong>this</strong></span> <span class='ocrx_word' id='word_1_229' title='bbox 904 4151 976 4212; x_wconf 84' lang='lat' dir='ltr'><strong>dere,</strong></span> <span class='ocrx_word' id='word_1_230' title='bbox 986 4152 1074 4213; x_wconf 50' lang='lat' dir='ltr'><strong>iiiut,</strong></span> <span class='ocrx_word' id='word_1_231' title='bbox 1085 4152 1148 4202; x_wconf 81' lang='lat' dir='ltr'><strong>from</strong></span> <span class='ocrx_word' id='word_1_232' title='bbox 1157 4154 1199 4202; x_wconf 88' lang='lat' dir='ltr'><strong>the</strong></span> <span class='ocrx_word' id='word_1_233' title='bbox 1211 4155 1270 4207; x_wconf 87' lang='lat' dir='ltr'><strong>Rot.</strong></span> <span class='ocrx_word' id='word_1_234' title='bbox 1279 4157 1370 4207; x_wconf 60' lang='lat' dir='ltr'><strong>kene.</strong></span> 
     </span>
     <span class='ocr_line' id='line_1_36' title="bbox 416 4217 1266 4287; baseline 0.012 -22"><span class='ocrx_word' id='word_1_235' title='bbox 416 4217 551 4266; x_wconf 88' lang='lat' dir='ltr'><strong>document</strong></span> <span class='ocrx_word' id='word_1_236' title='bbox 561 4218 662 4279; x_wconf 87' lang='lat' dir='ltr'><strong>printed</strong></span> <span class='ocrx_word' id='word_1_237' title='bbox 673 4219 700 4268; x_wconf 89' lang='lat' dir='ltr'><strong>in</strong></span> <span class='ocrx_word' id='word_1_238' title='bbox 711 4220 814 4281; x_wconf 80' lang='lat' dir='ltr'><strong>Rymer,</strong></span> <span class='ocrx_word' id='word_1_239' title='bbox 822 4219 879 4270; x_wconf 77' lang='lat' dir='ltr'><strong>Foe-</strong></span> <span class='ocrx_word' id='word_1_240' title='bbox 906 4224 939 4268; x_wconf 81' lang='lat'><strong>19</strong></span> <span class='ocrx_word' id='word_1_241' title='bbox 950 4221 1025 4270; x_wconf 84' lang='lat' dir='ltr'><strong>Edw.</strong></span> <span class='ocrx_word' id='word_1_242' title='bbox 1038 4222 1093 4273; x_wconf 89' lang='lat'>111.</span> <span class='ocrx_word' id='word_1_243' title='bbox 1104 4237 1130 4283; x_wconf 89' lang='lat' dir='ltr'><strong>p.</strong></span> <span class='ocrx_word' id='word_1_244' title='bbox 1144 4226 1168 4287; x_wconf 88' lang='lat'><strong>1,</strong></span> <span class='ocrx_word' id='word_1_245' title='bbox 1179 4238 1214 4274; x_wconf 82' lang='lat' dir='ltr'><strong>un.</strong></span> <span class='ocrx_word' id='word_1_246' title='bbox 1225 4228 1266 4276; x_wconf 82' lang='lat'><strong>1⁰.</strong></span> 
     </span>
    </p>
   </div>
   <div class='ocr_carea' id='block_1_9' title="bbox 0 0 1580 4990">
    <p class='ocr_par' dir='ltr' id='par_1_9' title="bbox 0 0 1580 4990">
     <span class='ocr_line' id='line_1_37' title="bbox 0 0 1580 4990; baseline 0 0"><span class='ocrx_word' id='word_1_247' title='bbox 0 0 1580 4990; x_wconf 95' lang='lat' dir='ltr'><strong> </strong></span> 
     </span>
    </p>
   </div>
  </div>
 </body>
</html>
