3138 4988
427 505 595 553 wnnrnur
620 504 667 550 nn
691 503 972 551 nnurncnuacu.
1089 487 1155 551 341

202 667 339 725 vastata
365 671 429 730 est.
482 660 548 725 Die
576 659 742 724 Mercurii
767 669 846 742 post
876 660 1004 724 festum
1033 659 1153 726 Sancti
1167 679 1318 768 Ei'ri'lslff‘

202 758 385 824 Michaelis
411 761 506 824 venit
537 760 580 824 ad
608 780 725 841 regem
757 760 892 842 Angliae
922 759 1088 824 marchio·
1111 760 1315 864 dem

202 857 451 941 Brandeburgb
481 859 572 922 lilius
601 859 770 924 Ludovici
802 859 844 923 de
870 859 1033 923 Bavaria.
1085 859 1153 923 Die
1166 863 1244 903 ΟΜ·

201 954 320 1022 Sancti
344 957 494 1022 Dionisii
525 978 587 1022 rex
613 957 751 1039 Angliae
783 957 927 1040 arripuit
953 959 1019 1022 iter
1050 974 1150 1022 suum
1164 929 1277 1020 Qu„

201 1075 321 1120 versus
347 1055 614 1140 Vermondoy5,¹
640 1064 675 1120 et
711 1056 888 1121 dominum
924 1056 1151 1121 Laurentium

200 1153 244 1217 de
261 1154 436 1237 Hastinge
450 1156 531 1220 fecit
556 1156 715 1220 comitem
736 1155 984 1232 Pernbrocbiae,
1003 1157 1150 1220 nonnul-

201 1252 321 1335 losque
336 1255 423 1320 alios
438 1255 570 1320 nobiles
592 1255 711 1319 eodem
736 1255 792 1318 die
814 1254 896 1320 fecit
919 1256 1056 1319 milites.
1109 1255 1151 1320 In
1164 1275 1275 1324 auom.

200 1355 349 1418 crastino
364 1374 445 1421 vero
462 1355 589 1418 domini
607 1353 799 1418 cardinales
815 1352 859 1416 ad
875 1355 1090 1419 tractandum
1110 1355 1152 1418 de
1164 1325 1273 1375 mm

200 1469 286 1532 pace
318 1461 538 1537 accesserunt
567 1454 611 1517 ad
647 1472 775 1534 regem.
841 1452 971 1515 Eodem
1010 1453 1066 1517 die
1107 1454 1150 1516 ad

200 1559 351 1615 castrum
374 1553 417 1616 de
444 1553 656 1635 Hunycourt
682 1551 794 1617 dirum
826 1551 983 1615 iecerunt
1009 1551 1150 1634 Anglici

199 1648 376 1727 insultum,
404 1652 463 1715 ubi
487 1651 687 1716 interiectus
716 1652 781 1715 fuit
809 1650 967 1715 dominus
996 1651 1150 1715 Thomas

202 1747 414 1831 Pon'nynges
437 1750 547 1826 miles,
568 1769 646 1813 cum
666 1750 839 1832 aliquibus
863 1749 940 1812 aliis
966 1749 1150 1814 Almanuis

201 1851 237 1909 et
267 1845 404 1929 Anglis.
466 1847 508 1912 In
541 1849 661 1928 vigilia
693 1848 812 1912 Sancti
836 1847 989 1912 Wilfridi
1021 1849 1250 1911 dominicum

199 1947 392 2010 cardinales
425 1965 503 2011 cum
537 1948 608 2010 suis
640 1948 813 2028 responsis
846 1947 1030 2010 redierunt.
1083 1947 1252 2011 Diceae.

199 2044 318 2109 Sancti
337 2045 468 2110 Calixti
479 2047 573 2110 venit
587 2046 629 2109 ad
643 2045 813 2128 quendam
827 2044 939 2108 locum
949 2047 1010 2127 qui
1025 2044 1150 2109 dicitur

201 2142 297 2227 Orny
316 2144 435 2209 Sancti
452 2145 643 2222 Benedicti,
660 2143 705 2208 ad
722 2145 810 2207 duas
826 2144 945 2208 leucas
962 2145 1005 2208 de
1021 2144 1149 2210 Sancto

201 2241 380 2321 Quintino,
397 2251 432 2309 et
449 2244 530 2309 fecit
544 2264 605 2326 per
622 2243 813 2308 exercitum
830 2243 1038 2325 proclamari
1058 2246 1149 2326 quod

202 2361 321 2407 omnes
349 2343 409 2425 qui
436 2342 481 2409 ad
513 2362 632 2426 pacem
659 2362 758 2407 suam
789 2342 958 2419 venirent,
980 2361 1042 2424 per
1069 2362 1148 2407 con-

199 2439 364 2506 ditionem
387 2442 495 2520 illam,
512 2443 619 2506 vitam
642 2449 678 2506 et
695 2443 859 2518 membra,
875 2448 984 2506 terras
1003 2449 1038 2506 et
1053 2447 1148 2506 tene·

200 2549 316 2605 menta
345 2561 409 2605 sua
440 2542 490 2606 eis
523 2541 705 2618 conferret,
737 2547 773 2604 et
801 2542 863 2623 qui
896 2559 964 2604 non
996 2541 1150 2604 venirent

199 2647 299 2704 extra
325 2641 553 2705 conditionem
577 2640 672 2706 illam
694 2640 800 2723 positi
826 2640 948 2706 forent.
995 2640 1064 2703 Per
1087 2640 1148 2704 dea

198 2749 272 2802 cern
304 2742 404 2821 quasi
431 2740 592 2804 milliaria
621 2739 888 2823 circumquaque
917 2740 961 2803 ab
992 2740 1148 2803 exercitu

199 2838 313 2919 patria
346 2839 411 2902 luit
438 2840 629 2902 combusto.
683 2838 725 2900 In
750 2838 869 2919 vigilia
896 2836 1015 2903 Sancti
1043 2837 1148 2902 Lucae
1162 2861 1256 2910 surray,

201 2936 434 3018 Evangelistae
473 2938 567 3002 venit
607 2937 651 3000 ad
686 2957 802 3018 regem
836 2936 908 3000 dux
949 2936 1149 3000 Brabantiae
1162 2911 1323 3001 ‘diribitae

199 3035 401 3099 victualium
450 3036 605 3117 allegans
651 3035 842 3117 penuriam,
887 3033 990 3098 simul
1039 3033 1150 3114 frigus
1162 3011 1267 3108 qBiiti‘ile
1327 3057 1331 3061 ·

199 3133 356 3217 hyemale
387 3135 487 3216 quasi
525 3152 678 3216 praesens
709 3133 857 3214 amplius
893 3133 1020 3196 morari
1049 3152 1148 3198 suum
1162 3110 1254 3212 fiili*

107 3273 115 3294 .
199 3253 268 3297 non
286 3252 361 3297 esse
382 3233 599 3298 commodum
623 3234 809 3297 asserebat.
855 3232 920 3297 Cui
943 3251 1017 3308 rex,
1039 3233 1149 3296 tristis

201 3331 302 3396 valde
318 3333 472 3408 effectus,
486 3333 588 3408 dixit,
599 3337 620 3366 “
633 3331 866 3396 Dilectissime
883 3331 1148 3412 consanguinee,

200 3431 427 3514 procedamus
450 3432 493 3494 ad
515 3430 758 3513 perficiendum
777 3431 954 3512 negotium
975 3431 1148 3512 inceptum

200 3531 379 3612 supplico;
413 3532 509 3594 Deus
540 3532 630 3594 enim
654 3531 746 3594 sicut
771 3530 900 3612 incepit
923 3529 973 3593 ita
999 3536 1034 3593 et
1056 3549 1148 3593 nux-

199 3629 294 3692 ilium
311 3631 490 3694 nobiscum
513 3630 739 3694 continuabit.
786 3629 932 3711 Copiam
950 3629 1150 3694 victualium

201 3735 394 3794 nostrorum
410 3749 545 3793 omnem
560 3729 624 3793 tibi
645 3730 783 3810 tuisque
799 3728 1016 3803 conferimus,
1033 3748 1150 3792 carec-

199 3834 254 3890 tas
272 3836 421 3905 nostras,
439 3848 595 3911 onusque
617 3828 749 3910 grande
767 3828 910 3909 caragii,
926 3826 1019 3908 quod
1045 3827 1151 3890 habe·

200 3946 288 4003 mus,
306 3927 541 4009 relinquimus,
559 3927 602 3990 de
620 3927 794 4009 peditibus
816 3927 951 4008 equites
975 3925 1151 4001 iaciemus,

235 4183 243 4214 ¹
259 4185 437 4246 Vermandcis,
447 4183 565 4245 formerly
582 4199 599 4232 a
609 4183 662 4232 dis·
687 4183 787 4232 bended
799 4183 825 4231 in
836 4181 878 4230 the
890 4182 1061 4242 departmeuts
1072 4182 1101 4231 of
1109 4181 1152 4230 the

199 4253 289 4305 trictoi
295 4255 542 4317 Picnrdie‚butnow
552 4268 663 4315 compre·
687 4254 767 4302 Aiane
778 4253 829 4303 und
841 4252 950 4302 Somnia.
