3138 4988
1554 147 1566 442 l

400 479 468 546 852
773 493 983 552 canonicos
1331 454 1335 460 ¹

239 649 549 759 rpwffirdliorum
577 650 694 732 quiete
721 647 917 725 sollicitam,
943 650 980 713 in
1012 649 1164 715 Domino
1198 659 1351 715 contem-

239 745 389 848 π
401 749 550 831 plantes,
559 749 602 812 de
618 749 747 812 salubri
761 749 983 829 persuasione
998 758 1033 812 et
1046 757 1164 813 vestra
1178 751 1350 814 oblatione

238 848 384 939 ffit’ffld!
401 849 438 912 in
467 853 567 912 tauta
599 855 741 928 tamque
772 848 843 927 pia,
874 855 993 928 grates
1023 856 1058 910 et
1089 849 1222 928 gratias
1253 849 1350 912 vobis

239 909 350 990 ³⁹3⁸*
401 947 577 1015 humiliter
596 946 809 1010 exsolvimus
829 964 917 1028 quas
932 947 1100 1022 velemus,
1117 954 1153 1011 et
1171 949 1236 1011 suh
1252 947 1350 1011 firma

402 1046 597 1110 dilectionis
626 1044 910 1126 rectitudinisque
938 1052 1061 1109 vestrae
1089 1046 1228 1122 fiducia,
1254 1047 1349 1110 sanis

402 1145 528 1211 vestris
545 1145 703 1226 cupimus
717 1144 884 1208 inhaerere
895 1143 1059 1220 consiliis,
1071 1163 1203 1228 nosque
1220 1146 1350 1212 sanctis

401 1243 628 1326 beneplacitis
642 1243 768 1306 vestris
790 1243 986 1326 specialiter
1003 1244 1229 1308 conformare.
1282 1243 1349 1316 Sed

401 1345 438 1408 in
457 1343 631 1424 publicam
650 1343 809 1405 notitiam
828 1341 904 1424 jam
926 1342 1077 1419 devenit,
1093 1343 1243 1425 qualiter
1258 1343 1348 1406 idem

403 1441 586 1523 Philippus
607 1459 751 1522 regnum
775 1447 931 1504 nostrum
949 1440 1118 1518 Franciee,
1136 1442 1180 1504 ad
1204 1461 1267 1506 nos
1290 1451 1350 1522 per

401 1547 545 1603 mortem
572 1539 717 1602 celebris
742 1541 915 1603 memoriae
941 1539 1070 1603 domini
1094 1539 1222 1617 Caroli,
1237 1541 1350 1605 ultimi

401 1639 494 1720 regis
525 1637 693 1714 Franciae,
722 1639 886 1701 avunculi
912 1639 1034 1715 nostri,
1063 1639 1214 1720 legitime
1243 1633 1348 1704 devo-

401 1738 525 1813 lutum,
539 1738 605 1801 sibi
622 1745 743 1800 contra
748 1737 923 1819 justitiam
940 1739 1140 1819 usurpavit3
1160 1745 1206 1816 et,
1225 1759 1266 1802 eo
1281 1759 1351 1803 uon

401 1843 595 1912 contentus,
626 1843 738 1899 terras
767 1845 904 1900 nostras
930 1837 967 1900 in
996 1836 1126 1900 ducatu
1149 1836 1349 1919 Aquitaniae

401 1936 467 2001 sibi
483 1935 631 1999 attraxit
640 1933 748 2017 juxta
761 1935 872 2011 vires3
897 1935 1028 1999 insulas
1044 1945 1182 2000 nostras
1197 1938 1233 2000 in
1251 1938 1349 2018 mari,

401 2047 438 2098 et
474 2035 579 2098 etiam
621 2053 766 2116 reguum
810 2042 966 2097 nostrum
1006 2034 1145 2116 Angliae
1183 2036 1350 2099 invadens

402 2133 574 2197 hostiliter
598 2151 683 2198 cum-
710 2131 862 2214 navigio,
891 2133 984 2215 qnod
1008 2135 1074 2197 suh
1098 2133 1212 2197 colore
1238 2135 1351 2199 sancti

403 2232 558 2314 passagii
575 2229 793 2295 transmarini
808 2250 931 2311 parare
942 2251 979 2295 se
995 2232 1157 2309 tinxerat,
1169 2233 1349 2309 deformat,

403 2349 509 2413 quam
527 2337 538 2366 ‘
546 2329 750 2414 juraverat,’
764 2327 772 2362 ¹
788 2348 929 2393 causam
944 2330 1075 2395 Christi
1089 2352 1098 2410 ;
1111 2331 1233 2395 Scotos
1244 2333 1348 2395 etiam

403 2432 439 2492 in
455 2430 563 2493 nostri
579 2428 797 2492 rebellionem
811 2447 991 2511 perperam
1009 2429 1208 2506 concitavit,
1221 2431 1349 2494 machi,

403 2546 489 2590 nans
505 2527 645 2590 omuino
654 2545 718 2590 nos
731 2527 933 2609 deprimere,
945 2537 984 2592 ut
998 2529 1048 2592 sic
1063 2528 1192 2592 dictum
1205 2549 1349 2610 regnum

404 2633 559 2688 nostrum
586 2625 742 2689 Franciae
759 2633 794 2689 et
817 2627 905 2691 alias
926 2634 1037 2691 terras
1056 2636 1194 2691 nostras
1210 2627 1350 2692 haeredi-

403 2723 524 2798 tarias,
553 2722 661 2806 juxta
685 2723 881 2789 insatiabile
909 2745 1009 2788 snum
1035 2725 1235 2790 dominandi
1262 2728 1349 2791 desi-

403 2823 545 2898 derium,
561 2822 702 2886 liberius
722 2824 830 2903 possit
848 2825 1003 2888 retinere.
1054 2824 1133 2901 Cui,
1155 2825 1245 2890 sicut
1264 2827 1350 2889 alias

403 2921 580 2986 sanctitati
592 2929 717 2985 vestrae
724 2921 905 3002 scripsisse
916 2943 980 2987 nos
995 2923 1223 3000 meminimus
1234 2925 1349 3006 plures

403 3021 589 3085 obtulimus
622 3021 787 3084 amabiles
818 3021 891 3084 vias
920 3022 1028 3104 pacis,
1057 3022 1210 3086 volentes
1240 3025 1349 3087 abeo

403 3138 524 3201 pacem
562 3119 730 3182 redimere
761 3139 839 3182 cum
873 3139 941 3183 uon
979 3120 1113 3187 modico
1154 3128 1349 3186 nostrorum

399 3218 531 3302 jurium
548 3219 777 3292 detriment03
797 3218 858 3282 sed
873 3219 948 3301 ipse
971 3227 1219 3301 pertractatus
1236 3222 1349 3284 varios

403 3316 462 3380 diu
479 3316 682 3398 protrahens
699 3318 764 3380 sub
785 3317 929 3394 incerto,
945 3326 979 3381 et
999 3319 1135 3398 magnis
1157 3320 1350 3400 sumptibus

404 3434 468 3478 nos
494 3435 684 3496 exponens,
710 3423 750 3480 ut
773 3424 929 3480 nostrum
953 3416 1155 3481 exhauriret
1179 3418 1350 3494 aerarium,

404 3521 439 3576 et
461 3513 511 3577 sic
533 3533 597 3576 nos
619 3513 664 3576 ad
686 3522 883 3580 nostrorum
907 3515 1199 3602 recuperationem
1218 3517 1350 3599 jurium

404 3608 553 3673 efficeret
571 3611 790 3692 impotentes,
804 3613 953 3680 finaliter
973 3614 1104 3695 aliquid
1122 3615 1222 3692 nobis
1238 3616 1351 3678 facere

404 3726 474 3771 non
489 3709 636 3785 curavit,
651 3709 710 3771 sed
731 3729 867 3792 semper
893 3714 928 3774 in
954 3732 1016 3776 nos
1040 3714 1250 3795 peramplius
1272 3733 1350 3795 per·

403 3807 535 3870 secutio
567 3826 632 3871 sua
664 3808 783 3872 crevit.
846 3809 995 3892 Propter
1023 3812 1128 3893 quod,
1155 3812 1352 3894 impellente

404 3907 622 3983 necessitate,
645 3907 689 3969 ad
711 3915 829 3989 partes
851 3911 1007 3973 venimus
1026 3912 1287 3987 transmarinas,
1306 3911 1350 3974 ad

401 4006 610 4070 induendum
640 4006 827 4070 amicorum
851 4015 1046 4071 nostrorum
1073 4009 1263 4091 potentiam
1290 4001 1353 4091 pro

449 4217 455 4246 ¹
472 4210 597 4276 ‘juravit'
610 4215 686 4264 MSS.
699 4215 766 4266 cett.
781 4216 858 4280 Nero,
872 4216 906 4266 D.
919 4217 958 4278 ii,
970 4218 1021 4266 and
1030 4217 1097 4269 Coll.
1108 4218 1178 4267 Triu.
1191 4218 1223 4267 R.
1236 4223 1260 4268 5.
1274 4222 1311 4266 1⁰.
