3138 4988
376 495 442 558 292
748 508 958 555 cuaorucou

225 684 358 776 quffiq:
378 677 413 732 et
429 677 504 733 toto
519 689 582 733 suo
598 671 689 733 clero
706 667 892 733 coufessati
907 674 988 730 suut
1008 667 1162 730 enormia
1184 667 1216 728 in
1233 667 1328 729 bulla

215 788 366 800 ·····-
380 768 509 832 domini
525 789 624 851 papae
640 776 815 842 contenta,
831 774 917 830 etse
934 766 1052 830 eadem
1070 766 1190 829 secisse
1206 785 1326 846 recog-

380 876 560 931 noverunt.
629 869 729 932 Dixit
769 869 886 941 etiarn,
926 865 1017 946 quod
1062 867 1220 928 dominus
1263 885 1324 928 rex

383 967 539 1032 Franciae
566 969 719 1032 comburi
751 968 881 1029 fecerat
911 965 1067 1028 Parisios
1102 960 1324 1046 septuaginta

380 1063 1324 1149 duosTemplariospropterpraedictaeoormiaconfes·

381 1173 469 1229 sata.
508 1167 648 1231 Extunc
661 1174 776 1229 autem
789 1167 993 1228 tenebantur
1005 1163 1125 1226 fortius
1134 1163 1324 1244 Templarii

379 1267 526 1328 vinculis
539 1266 657 1328 ferreis
670 1265 803 1345 alligati
817 1289 826 1336 ;
848 1265 1010 1344 factaque
1021 1272 1072 1326 est
1090 1263 1194 1342 longa
1207 1264 1323 1344 dispu-

380 1366 468 1429 tatio
485 1366 521 1427 in
544 1365 636 1428 clero
653 1374 768 1427 utrum
787 1383 849 1445 pro
869 1363 1043 1443 praedictis
1066 1361 1219 1425 articulis
1242 1381 1323 1424 cou-

380 1463 517 1526 fessatis
556 1464 720 1527 deberent
766 1472 930 1543 tanquam
969 1461 1118 1524 haeretici
1158 1457 1323 1541 reputari.

380 1562 534 1626 Tandem
554 1563 750 1626 ordinatum
768 1569 833 1636 est,
850 1569 886 1624 et
909 1561 986 1623 hinc
1007 1561 1086 1622 inde
1112 1579 1324 1635 concessum,

380 1663 471 1742 quod
488 1663 617 1743 singuli
635 1661 837 1743 Teurplarii‚
853 1660 1090 1741 unusquisque
1108 1667 1188 1740 post
1205 1660 1322 1734 alium,

380 1780 497 1824 coram
512 1759 585 1826 toto
601 1761 694 1824 clero
709 1753 839 1823 diceret
855 1761 917 1834 sic,
933 1767 968 1821 et
991 1759 1175 1822 dixerunt:
1211 1765 1233 1794 “
1248 1759 1324 1838 Ego

289 1887 293 1896 ·
380 1860 485 1924 irater
516 1861 562 1924 R.
581 1878 791 1942 recognosco
824 1878 877 1921 me
905 1858 947 1921 de
980 1858 1134 1921 articulis
1162 1859 1197 1920 in
1230 1859 1325 1920 bulla

380 1958 507 2021 domini
530 1979 631 2041 papae
653 1959 901 2032 contentique
930 1958 1150 2020 vehementer
1167 1957 1322 2019 diffama-

379 2066 465 2134 turn,
482 2065 518 2121 et
536 2078 557 2121 a
581 2078 649 2141 qua
672 2078 726 2121 mc
747 2076 898 2139 purgare
921 2076 1159 2137 nonpossum,
1184 2049 1325 2138 propter

379 2157 471 2238 quod
493 2159 662 2222 submitto
685 2177 738 2220 me
761 2157 884 2238 gratiae
903 2156 1042 2219 Divinae
1059 2163 1094 2218 et
1114 2157 1322 2218 ordinationi

378 2257 478 2319 istius
508 2257 679 2321 concilii.'’
732 2256 908 2336 Factaque
938 2255 1134 2338 hujusmodi
1160 2257 1317 2335 recogni-

379 2357 484 2430 tione,
500 2355 749 2438 abjuraverunt
773 2374 888 2418 coram
911 2354 1003 2417 clero
1024 2361 1058 2418 et
1080 2355 1173 2416 omni
1194 2355 1322 2435 populo

380 2474 516 2518 omnem
554 2456 724 2529 haeresim,
756 2461 790 2518 et
829 2454 1088 2517 deducebantur
1123 2461 1225 2516 extra
1269 2473 1324 2516 ec-

379 2555 521 2616 clesiam
555 2555 649 2618 beati
679 2553 788 2628 Petri,
815 2560 851 2616 et
881 2553 1006 2616 ibidem
1040 2553 1252 2617 reconciliati
1278 2553 1320 2615 ad

378 2652 480 2715 tidem
511 2653 730 2726 catholicam,
760 2651 841 2714 inde
875 2651 1089 2719 ducebantur
1127 2654 1253 2716 iterate
1284 2654 1319 2714 in

379 2752 572 2828 ecclesiam,
592 2759 626 2815 et
642 2759 762 2833 postea
777 2751 813 2813 in
830 2752 1033 2832 capitulum,
1050 2753 1108 2813 ubi
1126 2751 1320 2814 ordinatum

380 2858 433 2914 est
455 2859 489 2914 et
520 2847 785 2933 pronunciatum
811 2850 904 2931 quod
933 2851 969 2913 in
994 2851 1153 2914 custodia
1176 2851 1257 2913 cleri
1289 2858 1324 2913 et

378 2951 414 3012 in
449 2951 579 3033 palatio
617 2950 745 3014 domini
780 2949 1031 3031 archiepiscopi
1066 2949 1323 3013 custodirentur

379 3059 520 3125 extunc,
559 3069 739 3132 quousque
781 3067 898 3112 eorum
939 3048 1067 3129 singuli
1104 3049 1148 3111 ad
1187 3049 1324 3129 singula

378 3151 586 3213 monasteria
615 3151 845 3213 mitterentur.
915 3147 961 3211 Et
986 3147 1122 3211 demum
1150 3148 1198 3210 sic
1228 3148 1324 3210 missi

377 3257 577 3313 manserunt
609 3250 643 3312 in
675 3248 822 3329 singulis
853 3247 1074 3312 monasteriis
1101 3267 1211 3328 usque
1244 3255 1325 3328 post

361 3427 364 3433 .
378 3349 563 3411 concilium
583 3348 712 3410 domini
725 3365 838 3429 papae.

622 3569 791 3632 Oeneiliaen
807 3569 907 3652 Papa
930 3569 1080 3650 Wyennae.

211 3761 334 3851 qma
426 3741 596 3804 Dominus
613 3761 706 3823 papa
720 3741 880 3806 Clemens
897 3744 1009 3806 tenuit
1022 3743 1204 3806 concilium
1222 3763 1322 3806 suum

205 3845 207 3850 '
296 3839 302 3850 '
376 3839 548 3916 Viennae,¹
587 3861 676 3904 auno
727 3842 867 3904 Domini
907 3859 1080 3918 mcccxr„
1122 3843 1233 3924 primo
1271 3843 1326 3906 die

407 4121 414 4152 ¹
432 4125 495 4172 This
502 4139 556 4172 was
564 4125 607 4173 the
614 4125 835 4187 fifteenthgeneral
862 4125 921 4172 luth
933 4125 961 4172 of
969 4123 1089 4185 October,
1098 4127 1171 4184 1311,
1179 4125 1222 4184 the
1233 4126 1326 4174 second

370 4195 471 4242 council
485 4194 514 4242 ol
528 4195 636 4255 Vienna,
653 4194 695 4242 the
712 4195 766 4243 first
783 4209 834 4242 ses·
860 4208 892 4241 ou
903 4195 946 4242 the
958 4194 1041 4242 3rdol
1048 4193 1273 4256 April‚1312,aud
1284 4195 1327 4244 the

369 4265 424 4311 sion
436 4264 465 4311 ol
478 4263 563 4311 which
575 4265 736 4312 commenced
747 4279 779 4312 ou
790 4264 833 4312 the
859 4263 926 4311 third
934 4279 966 4311 on
973 4263 1015 4312 the
1023 4263 1066 4312 oth
1075 4263 1104 4310 of
1113 4263 1176 4325 May
1185 4263 1325 4327 following.
