3178 4992
244 651 337 692 Edwud
346 653 367 694 1.

241 701 268 742 Α.
275 703 302 742 D.
313 704 370 743 12⁹6.

393 463 438 527 94
761 478 973 526 onnomcon

392 643 483 700 trum
515 635 558 700 de
588 653 657 717 quo
686 634 783 698 Scoti
814 641 992 711 venerant,
1026 654 1175 717 qnorum
1204 637 1344 719 quidam

229 735 508 817 -·-·gladio
553 735 693 818 quidam
733 754 816 798 vero
852 734 942 798 fame
981 735 1018 798 in
1056 754 1195 800 carcerc
1231 739 1344 819 perie-

391 843 484 912 runt,
523 835 651 900 residui
680 834 819 917 quidem
857 835 971 917 pauci,
1002 842 1083 916 post
1112 843 1250 916 captam
1286 857 1344 900 ur·

390 935 468 998 bem
505 935 547 999 de
588 933 758 1017 Berewyk
796 953 818 997 a
850 953 931 1016 rege
971 941 1103 1011 nostro,
1139 934 1184 997 ad
1224 955 1344 1018 preces

391 1053 536 1116 magnas
586 1034 766 1118 cujusdam
813 1035 912 1097 honae
956 1033 1105 1098 dominae
1148 1053 1226 1116 quae
1266 1055 1342 1099 cum

390 1133 503 1198 Scotis
525 1133 561 1197 in
581 1134 701 1198 eodem
728 1141 843 1197 castro
865 1131 978 1197 fuerat
1003 1132 1140 1196 liberati
1164 1140 1256 1210 sunt,
1283 1135 1344 1198 sed

390 1240 508 1296 tamen
534 1234 586 1297 ita
612 1232 696 1296 nudi
726 1233 818 1296 sicut
845 1233 976 1313 egressi
1005 1230 1047 1294 de
1079 1240 1178 1296 utero
1211 1235 1342 1298 matris.

391 1332 498 1396 Mane
514 1333 633 1414 itaque
658 1331 750 1396 facto
769 1350 951 1414 perversus
970 1331 1037 1395 iste
1054 1352 1171 1396 rumor
1191 1333 1227 1396 in
1242 1353 1344 1397 exer-

391 1433 463 1494 citu
476 1433 568 1513 regis
585 1432 749 1508 insonuit,
765 1438 801 1495 et
818 1431 863 1495 ad
880 1431 1092 1495 audientiam
1109 1432 1185 1515 ejus
1203 1433 1343 1496 tandem

391 1531 544 1608 devenit,
565 1529 811 1612 benedixitque
827 1531 953 1607 Deum,
971 1537 1007 1594 et
1023 1531 1085 1607 ait,
1100 1536 1123 1566 ‘⁴
1136 1532 1345 1596 Benedictus

390 1631 437 1693 sit
452 1631 550 1694 Deus
566 1630 767 1708 altissimus,
785 1629 846 1712 qui
865 1649 975 1712 usque
992 1629 1029 1693 in
1049 1649 1202 1712 praesens
1219 1650 1343 1696 manus

305 1767 311 1774 ι
391 1737 530 1794 nostras
546 1730 766 1794 conservavit
782 1729 954 1806 innoxias,
970 1735 1007 1792 et
1022 1749 1068 1792 ex
1083 1749 1154 1812 quo
1163 1729 1239 1813 jam
1254 1731 1345 1794 ince-

229 2438 300 2478 neith
309 2438 333 2478 ot

228 2489 308 2529 Robert
316 2490 343 2528 ds

229 2539 295 2580 Reos.

390 1835 517 1909 parunt
534 1829 596 1905 sic,
612 1836 649 1893 et
665 1848 809 1909 regnum
825 1836 982 1892 nostrum
1005 1827 1178 1893 hostiliter
1195 1831 1343 1912 ingressi

390 1934 486 2004 sunt,
512 1946 589 2005 nos,
622 1935 763 1992 anctore
796 1927 960 2004 Domino,
994 1926 1124 1991 factum
1156 1930 1343 2011 complebi-

390 2045 480 2104 mus,
495 2034 532 2090 et
551 2027 589 2091 in
610 2047 730 2092 eorum
754 2027 871 2108 capita
892 2027 1124 2108 retorquendo
1151 2029 1343 2092 consimilia

390 2124 592 2190 faciemus.”
642 2126 811 2208 Moxque,
829 2127 986 2191 exercitu
1005 2135 1216 2208 praeparato,
1230 2127 1343 2191 diver·

390 2224 435 2289 tit
449 2227 495 2290 ad
516 2227 607 2290 idem
632 2233 784 2290 castrum
801 2225 845 2288 de
862 2223 1055 2304 ‘werk;’²
1081 2225 1142 2289 sed
1162 2227 1246 2309 quia
1268 2234 1344 2291 erat

390 2327 589 2406 proximum
613 2325 750 2388 Pascha
776 2325 888 2388 noluit
910 2325 997 2388 fines
1020 2343 1103 2388 suos
1125 2326 1242 2407 egredi
1261 2334 1343 2392 anto

390 2432 567 2506 peractam
599 2424 864 2490 solemnitatem.
939 2423 1022 2507 Ipse
1053 2443 1137 2488 vero
1169 2426 1343 2490 Robortus

392 2523 435 2586 de
458 2523 546 2600 Ros,
566 2524 626 2606 qni
646 2523 800 2587 futurum
821 2543 859 2588 sa
884 2541 1050 2605 magnum
1071 2542 1148 2588 esse
1169 2525 1343 2602 credebat,

391 2629 473 2704 post
488 2624 666 2687 obtentam
686 2623 865 2687 victoriam
883 2642 905 2686 a
926 2642 1007 2704 rege
1029 2629 1162 2701 nostro,
1176 2624 1219 2688 de
1236 2643 1343 2706 regno

392 2721 520 2786 Scotiae
546 2741 568 2786 a
590 2722 678 2786 facie
701 2723 793 2804 regis
819 2722 956 2804 fugiens
978 2730 1147 2803 tanquam
1171 2742 1283 2805 vagus
1308 2732 1344 2789 at

391 2821 560 2903 profugus
574 2821 826 2905 aliquantisper
844 2820 1010 2898 latitavit,
1031 2821 1122 2886 ‘et'2
1136 2830 1345 2906 paupertate

392 2920 575 2988 defunctus
590 2928 654 2985 est.

505 3109 590 3176 Secti
604 3109 805 3176 locandorum
821 3111 926 3176 onmia
943 3131 1035 3196 usqae
1054 3111 1237 3178 Oarliohcm.

442 3240 546 3305 Anno
574 3241 714 3306 Domini
738 3257 926 3307 naocxcvn
953 3242 1009 3309 die
1040 3243 1149 3308 Lunae
1176 3244 1213 3307 in
1241 3245 1345 3309 ebdo-

391 3339 494 3404 mada
514 3341 674 3418 Paschae,
687 3341 723 3404 in
741 3343 893 3406 crastino
908 3342 1041 3408 scilicet
1054 3343 1345 3409 Annnnciationis

392 3439 586 3504 Dominioaa
618 3441 701 3522 quia
738 3441 876 3505 Pascha
908 3442 1028 3507 eodem
1064 3462 1156 3506 anno
1197 3443 1233 3505 in
1267 3443 1344 3526 ipso

390 3537 446 3601 die
467 3536 758 3606 Annunciationis
780 3540 965 3618 acciderat,
986 3542 1144 3606 dominus
1164 3541 1188 3606 J
1190 3542 1344 3607 ohannes

392 3635 527 3720 Gomyn
539 3637 582 3701 de
596 3637 780 3720 Boughan,
793 3659 907 3705 comos
923 3639 966 3704 de
977 3639 1217 3718 ‘Meneteth,’⁸
1230 3660 1345 3706 comes

391 3736 434 3799 de
464 3736 713 3816 ‘Strathern,'⁴
744 3759 859 3804 comes
890 3735 1125 3817 ‘Lenenax,'⁵
1157 3759 1272 3805 comes
1301 3740 1344 3804 de

392 3835 516 3916 Rosse,
541 3856 654 3901 comes
684 3838 726 3902 de
752 3831 949 3916 ‘Asthell,’⁶
979 3859 1093 3904 comes
1123 3839 1165 3903 de
1194 3840 1285 3918 Mar,
1310 3848 1346 3904 et

429 4025 437 4056 ¹
453 4031 601 4093 ‘Berwyk,’
612 4029 670 4082 MS.
682 4029 749 4083 Cott.
760 4031 818 4082 Tib.
915 4027 925 4056 ⁴
943 4027 1125 4094 ‘Strurderne,’
1137 4032 1195 4084 MS.
1208 4032 1276 4084 cott.
1283 4034 1342 4084 Tib.

426 4097 437 4126 ²
454 4100 462 4128 ‘
475 4105 501 4149 et
517 4101 583 4149 infra
597 4115 692 4149 annum
707 4101 816 4150 eundem
828 4102 854 4148 in
915 4096 926 4126 ³
942 4100 1109 4164 ‘letheum'
1121 4103 1178 4152 MS.
1191 4102 1259 4153 Gott.
1270 4103 1329 4154 Tib.

391 4171 509 4230 summass
519 4171 577 4220 MS.
590 4170 657 4222 Goll.
665 4171 736 4221 trin.
914 4163 925 4196 ⁰
942 4170 1122 4235 ‘Ardotalia’
1134 4172 1193 4224 MS.
1204 4172 1272 4224 Gott.
1284 4173 1344 4222 Tib.

427 4236 437 4266 ³
452 4240 589 4301 ‘Mantua’
601 4239 659 4291 MS.
672 4240 739 4290 Cott.
750 4239 809 4290 Tib.
879 4254 937 4290 now
950 4239 1038 4293 Athol.
