3138 4988
364 554 366 559 Ι
421 457 591 550 wanrnnr
616 486 971 535 nnunuruonuacn.
1104 471 1170 536 265

240 743 309 805 Rea
323 740 433 805 Scotiae
447 739 595 804 conuenit
608 741 644 804 io
659 741 785 827 Fupum
801 741 949 826 quosdam
963 762 1000 806 oe
1013 741 1137 806 uostris.
1165 805 1166 809 ,
1195 760 1318 849 prffiqoq

271 936 377 1001 Anno
400 937 543 1005 Domini
565 953 734 1002 uecovu.
760 937 830 1001 cito
851 945 930 1018 post
949 935 1087 1003 Pascha
1112 937 1170 1001 ille
1183 955 1254 994 uma

222 1054 332 1100 novus
361 1055 422 1098 rex
454 1036 579 1099 Scotiae
606 1035 766 1098 dominus
793 1035 969 1099 Robertus
996 1035 1038 1099 de
1066 1036 1169 1113 Brus,
1182 1004 1298 1103 3⁸3}ss

223 1135 440 1216 congregatis
466 1134 585 1200 multis
612 1134 803 1198 forinsecus
831 1154 883 1212 exv
901 1134 1035 1212 insulis,
1063 1136 1170 1216 coepit

222 1235 376 1315 equitare
392 1233 483 1296 infra
494 1233 692 1314 Lowdyan;
718 1231 957 1314 dederuntque
975 1252 1012 1295 se
1028 1234 1059 1296 ei
1070 1234 1170 1301 multi

219 1325 355 1397 exulaii
378 1352 439 1414 per
460 1331 670 1416 justitiarios
690 1331 819 1395 domini
841 1331 932 1411 regis
953 1323 1093 1413 Angliae
1109 1333 1169 1413 qui
1218 1367 1220 1373 ·

222 1433 258 1495 in
273 1451 364 1495 anno
377 1431 587 1515 praecedenti
598 1431 760 1495 sederant
772 1431 807 1493 in
820 1430 938 1493 Scotia
950 1447 1055 1512 super
1065 1430 1168 1495 malo·

222 1531 412 1594 factoribus
427 1534 529 1595 terrae
546 1537 581 1593 et
601 1543 694 1595 novo
720 1530 792 1610 regi
813 1529 1108 1593 consentientibus
1131 1530 1167 1593 in

221 1630 501 1706 consilio‚favore
511 1636 545 1693 et
555 1648 668 1712 opere.
694 1628 739 1693 Et
748 1629 842 1710 quia,
852 1624 1040 1692 secundur'n
1052 1628 1166 1709 legem
1240 1682 1242 1684 .

224 1727 463 1810 Anglicanam,
478 1721 684 1812 judicabant
699 1727 822 1791 Scotos
837 1726 1080 1804 comburendo,
1097 1735 1166 1792 tra·

221 1827 336 1891 -hendo
362 1829 397 1891 in
424 1829 532 1909 equis,
549 1834 584 1890 et
605 1826 857 1908 suspendendo,
873 1825 951 1889 ideo
969 1827 1069 1908 quasi
1085 1845 1169 1889 una-

222 1927 360 1990 nimiter
383 1920 586 1990 levaverunt
608 1945 645 1989 se
661 1916 701 1989 'et
723 1926 822 1988 ibant
842 1944 920 1988 cum
944 1941 997 2000 eo,
1012 1924 1168 1988 volentes

224 2027 339 2108 potius
368 2026 456 2090 mori
482 2044 585 2107 quam
615 2023 822 2105 Anglicanis
848 2023 983 2104 legibus
1005 2023 1166 2106 judicari.
1237 2057 1241 2062 -

224 2125 451 2208 stipatusque
471 2124 593 2187 multis
606 2131 642 2187 et
661 2143 706 2186 ex
724 2118 866 2186 numero
884 2123 1068 2199 animatus,
1088 2142 1166 2203 pro·

224 2224 329 2288 cessit
351 2225 487 2288 obviam
516 2221 692 2304 Anglicis:
735 2217 974 2286 constituerat
990 2221 1080 2284 enim
1106 2219 1167 2286 do·

220 2324 339 2387 minus
364 2315 427 2386 reri
455 2324 492 2386 in
523 2317 630 2403 regno
654 2321 781 2386 Scotiae
808 2327 877 2384 tres
903 2315 1065 2383 custodes
1088 2339 1168 2385 cum

220 2423 334 2486 tribus
364 2423 521 2486 aciebus:
545 2421 721 2485 domiuum
741 2413 882 2483 'scilicet
900 2415 1098 2482 'Heuricum
1127 2419 1169 2482 de
1198 2487 1205 2496 ,

226 2520 350 2604 Percy,
388 2521 562 2585 dominum
608 2520 802 2584 Emericum
847 2518 891 2581 de
929 2517 1095 2597 Valeuce,
1135 2526 1171 2583 et

224 2622 381 2686 comitem
399 2613 638 2684 Gloncestriae.
676 2618 725 2682 At
737 2618 922 2683 illenovus
937 2637 1001 2681 rex
1016 2618 1171 2683 obviavit
1182 2642 1309 2683 neruosa
1327 2606 1329 2610 ⁸
1348 2633 1350 2637 ·
1375 2677 1379 2687 .

219 2720 310 2784 aciei
327 2720 454 2783 domini
470 2717 618 2782 Emerici
629 2719 671 2783 de
684 2714 851 2796 Valence,
866 2725 900 2782 et
914 2737 989 2783 eam
1002 2718 1039 2780 in
1051 2715 1170 2797 sugam
1182 2692 1311 2787 iiidice

225 2819 407 2894 convertit,
426 2819 545 2900 paucis
566 2826 686 2881 tamen·
703 2816 914 2895 interfectis;
942 2815 1064 2880 deinde
1081 2816 1172 2880 infra

223 2917 378 2980 triduum
405 2917 560 2982 obviavit
585 2918 672 2995 aciei
700 2917 835 2980 comitis
865 2913 1108 2992 Gloucestriao,
1136 2923 1171 2979 et

226 3006 326 3079 oaesis
348 3015 427 3078 binc
448 3014 527 3078 inde
554 3016 685 3091 multiS,
701 3015 838 3096 fugavit
858 3013 1015 3076 comitem
1037 3020 1072 3076 et
1092 3032 1169 3076 eum

225 3109 362 3177 obsedit
374 3114 410 3177 in
422 3120 537 3177 castro
554 3114 597 3177 de
612 3112 715 3190 Arce,
733 3131 915 3195 quousque
938 3112 1051 3175 missis
1075 3131 1171 3175 exer·
1182 3129 1226 3170 anu
1239 3127 1334 3176 ostreas

222 3213 353 3277 citibus
369 3207 390 3276 a
407 3233 488 3295 rege
499 3204 744 3277 liberatus'est.
782 3206 1041 3293 ·Turbatusque
1057 3231 1119 3274 rex
1135 3210 1171 3274 in
1183 3177 1310 3268 {iiiiii

227 3311 292 3376 boc
307 3312 413 3389 facto,
429 3313 523 3376 misit
539 3319 575 3376 et
596 3311 823 3394 congregavit
846 3310 1036 3374 exercitum
1059 3303 1172 3392 copie
1183 3278 1260 3368 iniri

222 3431 317 3488 sum,
332 3412 397 3473 sub
419 3413 518 3492 gravi
541 3411 760 3475 forisfactura
777 3408 981 3492 praecipiens
999 3416 1039 3472 ut
1058 3417 1174 3474 essent

223 3510 370 3574 ¹Carlioli
397 3511 583 3598 paratiad
611 3510 774 3593 proelium
804 3509 839 3572 in
867 3515 937 3571 tres
964 3503 1174 3590 septimanas

220 3609 345 3674 Sancti
382 3608 554 3674 Jobannis
590 3607 772 3690 Baptistae.
833 3606 970 3686 Quibus
1000 3609 1055 3671 ex'
1072 3597 1294 3690 Jussunenis.

226 3709 319 3790 regis
342 3709 616 3786 advenientibus,
632 3713 876 3791 processerunt
898 3726 977 3770 oum
993 3707 1124 3788 impetu
1141 3673 1331 3772 eifflrffis·

228 3808 402 3871 irruerunt
425 3809 460 3871 in
481 3827 575 3883 eum,
593 3809 644 3885 ita
667 3809 759 3889 quod
782 3805 899 3870 multis
916 3806 1039 3871 occisis
1057 3806 1176 3887 fugam
1187 3773 1292 3863 ‘iiiia

228 3907 315 3982 iniit,
330 3906 501 3988 latuitque
518 3914 648 3969 extunc
668 3907 702 3968 in
723 3905 827 3968 moris
848 3911 883 3967 et
905 3904 1060 3968 mariscis
1076 3905 1177 3984 quasi
1204 3972 1206 3977 ,

229 4025 306 4069 cum
344 4005 461 4068 decem
498 4004 649 4067 millibus
681 4005 831 4068 virorum
865 4001 1086 4084 pedestrium,
1114 4022 1178 4066 nec

229 4091 390 4186 poterant
420 4103 463 4166 ad
491 4123 569 4166 eum
595 4104 766 4183 attingere
782 4102 952 4183 'quoniam
979 4101 1101 4182 lapsus
1126 4108 1179 4165 est

230 4223 365 4285 semper
378 4222 423 4266 ex
435 4203 592 4291 manibus
603 4221 730 4272 eorum.
776 4201 906 4264 Eodem
921 4200 1178 4278 anno,scilicet,
1281 4229 1283 4235 ·
