3178 4992
430 497 603 545 weuram
628 497 675 544 ns
698 497 983 546 nummoruaon.
1140 486 1184 550 97

225 643 286 725 qui
301 651 483 727 separatus
500 647 544 708 ab
567 665 656 727 equo
679 647 723 710 ab
743 647 992 712 inundantibus
1017 647 1180 714 fluctibus
1207 675 1299 715 muer
1308 675 1326 715 1.

224 743 438 825 interceptus
460 752 522 809 est.
576 745 769 827 Episcopus
792 755 906 810 autern
931 746 1179 812 Dunolmensis
1199 725 1346 788 Q

225 860 302 904 cum
325 849 440 907 turma
462 862 526 906 sua
549 843 712 907 Twedam
737 846 873 910 transiit
890 846 998 928 juxta
1021 846 1177 912 Norbam

224 956 292 1004 non
311 941 414 1024 longe
429 962 451 1006 a
468 948 582 1006 castro
603 962 678 1007 sno.
725 943 881 1026 Cumque
896 952 972 1008 toto
995 945 1054 1010 die.
1065 946 1125 1010 illo
1142 956 1178 1012 et
1189 971 1287 1030 apem·

223 1051 388 1121 sequente
408 1043 483 1125 ipse
509 1061 571 1104 rex
596 1049 714 1106 noster
736 1044 924 1125 burgenses
943 1043 985 1107 de
1005 1045 1176 1128 Berewyk
1190 1025 1292 1127 bifidi.

223 1148 444 1221 expectasset
473 1141 517 1204 ad
547 1159 681 1223 pacem,
709 1161 772 1206 nec
798 1142 981 1207 voluerrmt
1014 1147 1177 1226 amplecti
1188 1119 1303 1210 hillis.

223 1243 344 1320 pacem
375 1260 478 1322 quam
504 1242 663 1323 tetendit,
692 1241 769 1323 ipso
798 1242 854 1305 die
885 1242 1033 1307 Veneris
1061 1252 1176 1309 castra

222 1355 367 1402 movens
394 1339 471 1403 fixit
488 1341 639 1403 tentoria
660 1359 725 1404 sna
742 1341 778 1403 in
793 1342 894 1405 domo
910 1342 1109 1406 monialium
1130 1363 1176 1408 ex

222 1439 385 1518 opposito
400 1438 442 1502 de
462 1438 633 1522 Berewyk
650 1459 713 1521 per
728 1438 904 1504 dimidiam
919 1441 1066 1504 leucam.
1120 1443 1177 1506 In-

222 1535 486 1620 calescenteque
525 1537 611 1614 sole,
645 1546 680 1602 et
714 1539 870 1604 exercitu
906 1547 1104 1621 praeparato
1140 1543 1186 1604 in.

223 1634 380 1715 planitie,
404 1637 488 1700 fecit
512 1637 639 1700 ibidem
667 1657 730 1701 rex
756 1657 866 1702 novos
888 1639 1016 1702 milites
1044 1640 1175 1704 Henri·

222 1752 302 1797 cum
331 1737 462 1804 scilicet
494 1735 537 1800 de
563 1736 676 1819 Percy
698 1755 775 1800 cnm
803 1737 880 1801 aliis
912 1736 1041 1801 multis.
1072 1737 1174 1816 Quod
1187 1759 1271 1818 seven

222 1851 301 1896 curn
317 1835 484 1900 vidissent
507 1836 683 1899 marinarii
700 1837 822 1911 nostri,
839 1837 978 1918 quicum
995 1839 1173 1901 ‘xxuu.'¹
1186 1809 1292 1907 iffi

223 1934 370 1997 navibus
407 1933 540 1998 bellicis
577 1934 813 2016 expectabant
851 1935 885 1997 in
927 1934 1015 1997 mari
1057 1909 1315 2006 coramiffli‘inii.

222 2039 339 2112 portu,
356 2034 541 2097 credebant
564 2053 678 2115 regem
695 2032 785 2096 velle
806 2031 984 2097 confestim
1008 2034 1174 2098 insultum

222 2129 335 2194 secere
359 2133 449 2208 urbi,
477 2152 518 2197 eo
536 2132 629 2214 quod
652 2132 816 2196 videbant
843 2140 1015 2196 armatum
1040 2135 1174 2196 exerci-

222 2235 295 2292 tum
328 2238 363 2294 et
390 2232 500 2295 multa
529 2231 659 2295 vexilla
692 2231 879 2312 explicata,
911 2250 1063 2312 moxque
1095 2240 1173 2298 cum

223 2327 385 2393 fluctibus
421 2331 526 2395 maris
564 2330 837 2395 redundantibus
868 2336 905 2393 et
932 2330 1000 2412 ipsi
1035 2337 1173 2412 portum

220 2427 369 2508 ingressi
394 2438 486 2494 sunt.
539 2428 696 2507 Quarum
717 2449 785 2494 una
804 2449 877 2511 prae
901 2429 1036 2493 caeteris
1058 2429 1173 2494 velum

221 2526 361 2591 elevans
387 2529 423 2592 in
451 2528 524 2594 alto
551 2536 653 2593 terrae
677 2527 782 2593 affixa
807 2535 871 2605 est,
897 2548 999 2610 quam
1028 2530 1174 2592 circum-

220 2625 342 2691 dantes
361 2627 466 2704 Scoti,
484 2647 562 2692 curn
585 2648 623 2693 se
647 2629 823 2698 marinarii
846 2628 1037 2692 diutissime
1056 2629 1172 2692 desen·

220 2725 352 2790 dissent
381 2729 577 2809 multosque
606 2727 831 2810 peremissent
868 2726 946 2791 telis
978 2734 1013 2792 et
1044 2728 1171 2810 gladio,

220 2826 358 2890 tandem
385 2827 501 2891 allatis
529 2827 633 2890 scalis
661 2834 698 2890 et
725 2827 806 2908 igne
832 2826 991 2909 apposito
1016 2846 1092 2890 earn
1119 2829 1171 2890 in·

219 2926 330 3005 gressi
347 2932 438 3004 sunt,
465 2943 603 2989 xxviii.
625 2944 791 3008 personas
808 2933 930 2990 mutua
946 2933 1064 2989 tamen
1078 2927 1172 2990 caede

219 3025 436 3105 perimentes.
488 3023 645 3090 Alteram
672 3026 777 3088 etiam
806 3044 928 3088 navem
953 3025 1023 3088 cito
1048 3032 1172 3106 postea

219 3123 293 3187 solo
316 3123 537 3188 inhaerentem
564 3143 674 3187 vorax
700 3123 840 3186 flamma
866 3123 1092 3204 consumpsit,
1116 3122 1171 3186 fu-

218 3221 390 3302 gientibus
414 3230 530 3287 tamen
546 3223 662 3286 nautis
679 3242 756 3286 cum
779 3221 910 3304 scapha
932 3240 1007 3285 sna.
1050 3220 1172 3285 Tertia

218 3341 300 3385 vero
331 3321 441 3398 navis,
470 3323 505 3385 in
534 3341 604 3404 qua
629 3321 766 3386 fuerant
790 3319 913 3385 ‘viri’2
938 3320 982 3384 de
1007 3319 1107 3383 domo
1135 3329 1170 3384 et

218 3420 350 3484 familia
370 3422 494 3504 prioris
514 3421 775 3496 Dnnolmensis,
789 3440 865 3484 cnm
889 3422 933 3483 ab
953 3420 1038 3484 hora
1058 3420 1171 3501 prima

217 3539 327 3602 usque
350 3520 469 3583 horam
491 3521 706 3583 undecimam
728 3527 885 3602 potenter
905 3526 1071 3595 tueretur,
1094 3525 1170 3583 tan·

217 3617 293 3681 dem
322 3620 445 3683 innixa
475 3619 549 3684 solo
580 3625 615 3682 et
644 3619 725 3701 igne
759 3619 867 3683 allato
897 3619 1077 3682 combusta
1104 3626 1169 3695 est,

216 3717 428 3799 fugientibus
451 3737 527 3800 cum
552 3718 682 3799 scapha
703 3717 871 3800 plurimis,
894 3723 930 3780 et
952 3717 1086 3780 caeteris
1109 3719 1170 3799 qui

216 3837 327 3900 usque
359 3819 393 3880 in
429 3817 532 3880 finem
562 3825 824 3898 permanserant
852 3817 888 3879 in
919 3834 1029 3897 aquas
1064 3817 1168 3878 maris

216 3917 432 3993 salientibus,
472 3916 588 3999 potins
627 3935 664 3979 se
704 3915 882 3980 credentes
922 3932 1022 3997 aquae
1063 3932 1167 3993 quarn

249 4109 257 4141 ¹
276 4112 390 4172 lisama,
405 4111 431 4158 in
448 4109 488 4158 bis
501 4103 679 4168 Heminglord,
702 4105 803 4154 Tanner
820 4104 938 4164 formerly
958 4103 1093 4164 possessed
1110 4102 1169 4152 here

212 4181 231 4230 i.
250 4184 292 4242 90,
310 4185 377 4242 note,
399 4184 477 4228 states
497 4177 552 4226 that
575 4191 591 4225 a
613 4190 678 4236 copy
703 4174 764 4224 read
776 4173 877 4222 ‘xxnn’

212 4251 242 4299 ot
263 4265 311 4299 our
334 4249 436 4298 Author
461 4247 547 4298 which
581 4245 677 4306 Bishop
739 4241 875 4290 '‘armati
886 4241 952 4306 viri,’
964 4241 1021 4290 MS.
1033 4240 1100 4290 Gott.
1112 4241 1170 4291 lib.

256 4362 335 4411 VOL.
352 4362 389 4408 11.
473 4373 479 4380 ·
995 4357 1020 4406 Η
