3138 4988
429 502 600 549 waursru
627 503 674 548 nu
696 502 981 551 usuruosuucrr.
1110 487 1179 551 329

225 663 435 736 tumcunque
468 673 529 736 per
565 655 677 736 ipsum
712 654 931 719 Ludovicum
969 658 1177 738 promeritis,
1188 675 1283 717 ruma
1299 679 1343 719 ru.

226 762 263 817 ct
285 755 320 816 in
347 773 426 816 eum
446 754 544 836 justo
571 755 724 818 ecclesiae
740 754 873 837 judicio
892 756 1133 836 promulgatis,
1148 758 1179 820 si
1193 729 1316 850 3231ng
1316 729 1343 860 Ze

228 872 308 916 vere
335 853 509 933 poenitens
543 871 582 915 se
614 853 830 918 humiliasset
858 855 902 918 ad
935 855 1084 936 gratiam
1119 857 1297 950 beffiffdbl

227 953 383 1032 nignam,
398 951 582 1032 reperisset
595 953 739 1016 eandem
754 954 948 1029 ecclesiam,
962 972 1041 1035 quae
1053 955 1178 1035 ipsum,

228 1058 396 1132 tanquam
420 1050 526 1116 filium
551 1050 733 1132 prodigum
758 1052 801 1115 de
822 1052 1011 1134 longinquo
1036 1052 1180 1117 redeun-

227 1156 309 1222 tem,
323 1149 366 1210 ad
384 1168 485 1211 suum
496 1150 664 1230 gremium
677 1151 807 1232 apertis
819 1151 969 1214 brachiis
983 1153 1180 1233 recepisset,

229 1247 449 1311 immolatura
481 1267 544 1329 pro
578 1267 631 1324 eo,
656 1249 693 1312 in
716 1249 874 1313 ubertate
901 1250 1027 1313 divinae
1054 1250 1181 1327 laudis,

183 1405 185 1408 .
229 1346 376 1410 vitulum
392 1346 600 1428 saginatum.
654 1348 792 1411 Rursus
816 1348 1005 1431 adjecimus
1021 1350 1055 1413 in
1071 1349 1180 1413 literis

227 1447 449 1527 supradictis
459 1445 563 1527 quod,
579 1449 801 1528 ‘quanquam
816 1445 1181 1528 tam’1praedict0rum

229 1564 435 1608 excessuum
474 1564 578 1625 quam
618 1545 804 1610 eorundem
846 1565 1083 1627 processuum,
1121 1565 1182 1627 per

231 1643 361 1707 dictum
377 1643 663 1725 praedecessorem
677 1653 798 1708 contra
813 1644 943 1709 dictum
955 1644 1182 1721 Ludovicum,

232 1743 393 1823 exigente
411 1742 560 1824 justitia,
577 1743 797 1824 postmodum
813 1744 1008 1807 habitorum
1025 1745 1183 1807 notitiam

234 1841 475 1904 habuissemus
492 1848 527 1905 et
544 1843 647 1904 etiam
667 1841 853 1921 hahemus;
877 1850 916 1905 ut
930 1849 1046 1906 tamen
1059 1842 1184 1923 ipsum,

234 1959 255 2003 a
287 1949 507 2021 peccatorum
541 1941 690 2004 nexibus
725 1941 922 2016 liberatum,
954 1940 996 2004 de
1028 1940 1184 2003 faucibus

232 2041 449 2121 sempiternae
475 2038 594 2101 mortis
618 2057 798 2120 possemus
828 2041 972 2120 eripere,
1001 2048 1183 2121 postquam

232 2137 359 2200 fuimus
386 2138 429 2200 ad
456 2137 673 2220 apostolatus
696 2139 821 2202 summi
844 2139 977 2220 apicem
1004 2140 1184 2219 assumpti,

234 2237 390 2308 diversos
412 2237 556 2300 nuncios
576 2237 664 2321 ejus,
680 2237 824 2301 diversis
843 2237 976 2301 vicibus
998 2244 1033 2300 et
1052 2245 1185 2318 tempo-

233 2337 328 2399 ribus
343 2337 387 2400 ad
403 2355 465 2399 nos
481 2336 615 2411 missos
630 2355 869 2419 receperamus
887 2337 1045 2416 henigne,
1064 2355 1105 2398 ac
1121 2355 1184 2416 pro

235 2435 513 2499 reconciliatione
526 2435 646 2515 ipsiuS,
661 2455 721 2517 per
740 2435 890 2499 fructum
908 2454 999 2498 verne
1014 2435 1186 2516 poeniten·

231 2535 291 2598 riae
307 2533 543 2617 promerenda,
556 2535 811 2614 prolocutiones
824 2534 939 2598 varias
956 2534 1185 2597 habueramus

234 2653 312 2696 cum
328 2635 390 2711 eis,
402 2641 437 2696 et
454 2639 536 2696 tunc
551 2634 724 2713 pendebat
739 2632 897 2697 etiamad
913 2632 1186 2716 proloquendum

236 2732 393 2809 ulteriuS,
410 2732 566 2796 terminis
585 2733 783 2814 assignatis,
798 2733 834 2795 in
852 2752 933 2815 quo,
949 2733 1186 2815 proculdubio,

235 2851 296 2912 per
313 2851 376 2895 nos
392 2851 461 2894 non
477 2831 574 2894 stetit
595 2833 779 2912 quominus
797 2831 941 2894 ulterius
963 2832 1066 2895 fuerit
1083 2851 1188 2912 super

236 2932 376 3010 negotio
427 2929 716 2992 reconciliationis
763 2929 918 3012 ejusdem
975 2950 1185 3011 processum.

237 3028 367 3108 Quare,
384 3028 433 3090 fili
456 3027 690 3105 dilectissime,
705 3029 926 3091 serenitatem
952 3035 1048 3091 tuam
1071 3030 1186 3110 requi·

235 3129 376 3192 rendam
410 3135 491 3192 tunc
530 3125 694 3190 duximus
726 3146 788 3209 per
827 3126 963 3190 easdem
1000 3127 1119 3189 literas
1151 3136 1186 3191 et

237 3228 438 3308 rogandam,
453 3233 492 3288 ut
508 3224 692 3306 prudenter
706 3227 902 3302 advertens
918 3235 953 3289 et
970 3226 1005 3288 in
1023 3226 1185 3289 scrinium

236 3327 379 3391 internae
391 3324 675 3390 considerationis
695 3326 880 3402 adducens,
896 3325 1101 3406 gravitatem
1116 3345 1187 3406 poe-

237 3445 360 3490 narum
381 3427 416 3489 in
438 3442 526 3508 quas
547 3424 748 3502 inciderent,
768 3433 802 3488 et
826 3425 1075 3488 sententiarum
1099 3444 1187 3506 quas

238 3527 462 3601 incurrerent,
481 3525 687 3607 quantisque
704 3524 866 3607 periculis
886 3532 921 3586 et
936 3524 1188 3587 discriminibus

239 3625 508 3706 implicarentur,
527 3624 588 3704 qui
609 3623 754 3706 praefato
775 3622 964 3699 LudovicO,
982 3623 1031 3686 sic
1053 3624 1188 3686 notorie

238 3737 274 3787 et
293 3725 430 3806 publice
445 3725 487 3787 de
506 3724 677 3804 pravitate
696 3723 835 3787 haeresis
854 3731 889 3786 et
911 3723 962 3786 sic
988 3723 1099 3785 odiosi
1124 3723 1189 3786 toti

241 3821 496 3893 Christianitati
522 3821 718 3886 schismatis
745 3821 986 3896 condemnato,
1003 3831 1188 3901 antequam

240 3922 528 3986 reconciliationis
544 3923 692 4002 gratiam
718 3921 872 4002 ejusdem
899 3919 1052 3982 ecclesiae
1075 3938 1188 3981 meru-

238 4022 334 4095 isset,
353 4028 362 4055 ‘
376 4019 619 4102 participare'2
634 4027 894 4102 praesumerent,
911 4019 1045 4099 sibique
1061 4018 1188 4098 impen-

279 4168 459 4232 '‘tanquam,'
474 4169 531 4218 MS.
548 4169 616 4218 Oott.
630 4169 700 4217 Nero
763 4163 993 4226 ²‘praecipitare,'
1031 4163 1087 4211 MS.
1122 4161 1189 4211 con.

239 4241 271 4292 Ι),
285 4241 313 4288 ii.
729 4236 798 4286 Nero
810 4234 845 4284 D.
857 4235 885 4285 ii.
