3138 4988
433 466 604 516 wnnrnru
627 462 674 515 nn
698 465 979 520 nnurnenuncu.
1110 459 1176 524 345

226 626 329 690 Datae
344 625 379 688 in
398 626 522 690 castris
541 626 623 691 dicti
641 627 769 692 domini
784 630 893 693 nostri
905 625 997 710 regis
1017 629 1176 694 Franciae
1189 649 1280 690 maara
1296 649 1339 688 nr.

220 726 328 808 juxta
342 724 461 789 vnum
470 725 589 790 sancti
606 726 778 804 Quinum,
791 728 846 793 ne
862 728 1003 803 naras,
1018 745 1101 794 nx.
1121 731 1175 794 ne
1202 700 1330 739 ⁶·⁰·¹³⁸⁹·

227 824 401 901 Octobris,
418 844 508 888 anno
524 827 647 906 gratiae
666 843 918 892 mcccxxxrx.

277 923 321 987 In
334 923 388 988 die
399 922 519 989 Sancti
532 924 637 989 Lucae
653 925 890 1007 Evangelistae
906 946 968 991 rex
982 926 1121 1010 Angliae
1139 927 1176 990 in
1190 943 1292 994 uanus,

588 1025 595 1039 .
722 1024 729 1039 .
954 1027 961 1041 .
1190 995 1237 1034 Oct.¹
1249 996 1281 1033 18.

226 1022 344 1086 eodem
385 1021 462 1086 loco
502 1021 671 1101 Gallicos,
701 1043 731 1088 sr
765 1025 855 1089 forte
885 1043 1003 1091 vemre
1035 1026 1176 1102 vellent,
1191 1043 1332 1092 eruerctur·

227 1121 444 1204 expectando
477 1140 609 1187 moram
639 1123 730 1187 faciti
798 1123 841 1187 In
872 1125 1024 1189 crastino
1054 1144 1176 1189 versus
1189 1095 1322 1195 {iiiiii}

226 1220 376 1302 patriam
392 1219 435 1284 de
461 1219 608 1302 Tyrais¹
634 1243 695 1304 per
717 1223 785 1286 tria
804 1223 965 1287 milliaria
987 1232 1102 1288 motus
1124 1232 1178 1288 est

182 1311 188 1321 ⁸
227 1319 413 1396 exercitus,
425 1318 480 1383 die
497 1321 661 1384 Mercurii
673 1341 735 1403 per
746 1320 814 1385 duo
824 1323 998 1398 milliaria,
1011 1322 1066 1386 die
1075 1323 1100 1387 J
1103 1325 1177 1386 ovis

228 1417 376 1482 ‘infra'2
390 1419 538 1500 patriam
554 1419 597 1483 de
614 1419 739 1502 Tyrais
759 1440 821 1503 per
838 1421 906 1485 tria
924 1421 1087 1485 milliaria
1103 1423 1176 1484 ‘in-

229 1515 379 1594 travit,'³
390 1525 426 1581 et
442 1517 664 1582 circumcirca
679 1539 740 1601 per
753 1539 816 1582 sex
828 1519 988 1584 milliaria
1003 1520 1083 1602 igne
1094 1540 1177 1585 cond

229 1617 407 1681 cremavit.
469 1617 536 1682 Die
549 1617 699 1682 Veneris
713 1619 749 1682 in
766 1618 885 1682 eodem
901 1620 978 1683 leco
990 1639 1052 1701 per
1067 1626 1179 1684 totum

229 1716 319 1779 diem
334 1714 490 1780 Gallicos
506 1717 704 1797 expectavit
719 1737 727 1796 ;
754 1717 820 1781 fuit
834 1719 924 1791 enim
938 1718 1011 1782 dies
1025 1719 1179 1796 ultimus,

228 1835 291 1896 per
312 1815 444 1890 literas,
466 1822 506 1879 ut
525 1815 759 1897 praemittitur‚
774 1817 984 1898 assignatus·
1041 1818 1085 1881 In
1102 1836 1180 1881 ves·

229 1927 312 1996 pera
337 1914 440 1990 enim,
475 1933 552 1976 cum
585 1921 765 1994 magnates
787 1916 962 1980 exercitus
985 1916 1180 1998 Anglorum

231 2012 429 2077 concordati
459 2011 605 2077 fuissent
634 2012 670 2076 in
700 2013 852 2077 crastino
881 2015 925 2078 ad
957 2034 1022 2079 sua
1055 2013 1179 2091 redire,

230 2111 430 2194 supervenit
438 2112 581 2176 nuncius
594 2111 734 2194 quidam
743 2131 789 2175 ex
800 2108 899 2194 p'arte
909 2115 1000 2194 regis
1012 2111 1181 2190 Franciae,

231 2210 425 2293 Anglorum
448 2231 565 2292 regem
586 2211 810 2291 interpellans
837 2213 1000 2293 quatinus
1025 2215 1061 2277 in
1089 2231 1182 2276 cras-

233 2311 305 2374 tino
331 2311 446 2374 locum
468 2309 534 2374 sibi
556 2309 723 2392 placitum
746 2310 902 2390 eligeret,
925 2319 961 2376 et
983 2313 1058 2377 sine
1075 2309 1180 2375 dubio

231 2410 275 2473 ad
298 2429 450 2491 pugnam
467 2429 536 2474 'rex
561 2409 719 2473 Franciae
741 2410 807 2474 sibi
830 2410 998 2476 obviaret.
1045 2409 1182 2490 Quibus

233 2510 371 2586 auditis,
391 2529 454 2573 rex
470 2507 608 2590 Angliae
631 2508 763 2590 ingenti
784 2509 920 2573 laetitia
933 2511 1088 2593 repletus
1108 2518 1182 2588 est3

232 2618 269 2672 et
299 2607 438 2690 Anglici
471 2614 572 2672 nocte
600 2607 661 2671 illa
692 2607 806 2671 locum
838 2621 939 2672 suum
970 2610 1039 2674 illis
1063 2616 1184 2691 aptum

232 2708 360 2790 eligere
375 2708 594 2772 festinarunt.
636 2707 682 2770 Et
708 2727 798 2785 ecce,
816 2707 936 2772 eadem
951 2715 1053 2773 nocte
1069 2727 1185 2772 comes

233 2806 276 2871 de
306 2806 470 2870 Salesbiri
499 2815 534 2869 et
555 2805 724 2869 ¹deminus
748 2806 927 2871 Walterus
960 2807 1003 2872 de
1029 2807 1186 2890 Manncy

234 2925 312 2969 cum
338 2905 411 2968 suis
433 2923 554 2969 uersus
576 2905 766 2968 exercitum
793 2906 951 2970 Franciae
974 2907 1184 2989 equitantes,

235 3022 345 3085 usque
368 3004 412 3067 ad
432 3003 554 3084 vigiles
575 3010 817 3085 pervenerunt,
835 3011 881 3081 et,
904 3004 1040 3068 fortiter
1067 3005 1184 3068 excla-

236 3110 383 3180 mantes,
400 3108 511 3166 totum
535 3098 726 3165 exercitum
743 3108 874 3166 terrore
897 3109 932 3166 et
958 3103 1080 3167 timore
1106 3122 1184 3184 per-

236 3203 406 3279 territum,
429 3201 529 3282 quasi
553 3201 596 3264 ad
622 3220 776 3284 pugnam
804 3211 964 3284 paratum
989 3217 1051 3284 per
1075 3208 1185 3266 totam

235 3311 371 3366 noctem
389 3310 560 3365 armatum
574 3305 665 3364 stare
687 3300 863 3376 fecerunt;
889 3307 924 3364 et
949 3308 1051 3384 capto
1078 3301 1187 3364 milite

235 3401 386 3484 quodam
415 3419 494 3464 cum
525 3418 589 3464 suo
621 3399 785 3464 scutifer-0
813 3401 856 3464 ad
883 3419 965 3464 suos
997 3401 1184 3464 redierunt.

237 3501 347 3572 Facto
361 3507 478 3564 autem
494 3519 595 3563 mane
606 3498 746 3580 Anglici
760 3499 803 3562 de
815 3499 913 3583 equis
923 3499 1186 3576 descenderunt,

235 3608 271 3664 et
287 3619 351 3686 rex
366 3601 595 3664 arcitenentes
615 3597 723 3680 juxta
740 3607 893 3664 armatos
908 3600 1071 3664 collocari
1093 3599 1186 3676 fecit,

235 3707 270 3762 et
280 3698 477 3764 Wallenses
488 3717 567 3761 cum
581 3699 653 3761 suis
669 3698 796 3763 lanceis
807 3697 914 3782 juxta
925 3718 985 3763 eos
994 3699 1186 3774 constituit,

236 3799 397 3880 aciesque
413 3817 496 3861 suas
511 3797 646 3860 meliori
661 3797 763 3862 modo
781 3817 850 3879 quo
866 3799 980 3881 potuit
1000 3797 1186 3862 ordinavit.

236 3895 486 3978 Veneruntque
505 3894 694 3960 Alamanni
716 3903 751 3960 et
772 3896 990 3973 Brabantini‚
1015 3902 1054 3958 ut
1078 3896 1187 3958 aciem

271 4089 601 4225 ssssqfftrffqe21hnigissffitif
621 4157 701 4221 Nero,
726 4119 899 4244 Drilqmrttea
930 4121 988 4170 rus,
1012 4120 1080 4169 sort.
1108 4097 1189 4180 nero,

237 4232 271 4284 D.
281 4247 309 4281 ιι.
