<?xml version="1.0" encoding="UTF-8"?>
<!DOCTYPE html PUBLIC "-//W3C//DTD XHTML 1.0 Transitional//EN"
    "http://www.w3.org/TR/xhtml1/DTD/xhtml1-transitional.dtd">
<html xmlns="http://www.w3.org/1999/xhtml" xml:lang="en" lang="en">
 <head>
  <title>
</title>
<meta http-equiv="Content-Type" content="text/html;charset=utf-8" />
  <meta name='ocr-system' content='tesseract 3.04.00' />
  <meta name='ocr-capabilities' content='ocr_page ocr_carea ocr_par ocr_line ocrx_word'/>
</head>
<body>
  <div class='ocr_page' id='page_1' title='image "./chronicondomini00hamigoog_0195.png"; bbox 0 0 3166 4992; ppageno 0'>
   <div class='ocr_carea' id='block_1_1' title="bbox 422 466 1166 555">
    <p class='ocr_par' dir='ltr' id='par_1_1' title="bbox 422 466 1166 555">
     <span class='ocr_line' id='line_1_1' title="bbox 422 466 1166 555; baseline 0.008 -32"><span class='ocrx_word' id='word_1_1' title='bbox 422 477 593 524; x_wconf 75' lang='lat' dir='ltr'><strong>wanrniu</strong></span> <span class='ocrx_word' id='word_1_2' title='bbox 616 479 664 524; x_wconf 82' lang='lat' dir='ltr'><strong>un</strong></span> <span class='ocrx_word' id='word_1_3' title='bbox 685 479 967 528; x_wconf 78' lang='lat' dir='ltr'><strong>unuiueuuuen.</strong></span> <span class='ocrx_word' id='word_1_4' title='bbox 1082 551 1083 555; x_wconf 7' lang='grc' dir='ltr'><strong>Ἰ</strong></span> <span class='ocrx_word' id='word_1_5' title='bbox 1103 466 1166 529; x_wconf 88' lang='grc'><strong>181</strong></span> 
     </span>
    </p>
   </div>
   <div class='ocr_carea' id='block_1_2' title="bbox 218 625 1319 919">
    <p class='ocr_par' dir='ltr' id='par_1_2' title="bbox 218 625 1319 919">
     <span class='ocr_line' id='line_1_2' title="bbox 218 625 1315 737; baseline 0.01 -45"><span class='ocrx_word' id='word_1_6' title='bbox 218 625 350 693; x_wconf 82' lang='lat' dir='ltr'><strong>millia.¹</strong></span> <span class='ocrx_word' id='word_1_7' title='bbox 378 631 602 716; x_wconf 86' lang='lat' dir='ltr'><strong>Salvavitque</strong></span> <span class='ocrx_word' id='word_1_8' title='bbox 619 631 790 699; x_wconf 89' lang='lat' dir='ltr'><strong>Dominus</strong></span> <span class='ocrx_word' id='word_1_9' title='bbox 802 643 951 711; x_wconf 89' lang='lat' dir='ltr'><strong>nostros,</strong></span> <span class='ocrx_word' id='word_1_10' title='bbox 963 656 1026 700; x_wconf 89' lang='lat' dir='ltr'><strong>nec</strong></span> <span class='ocrx_word' id='word_1_11' title='bbox 1042 637 1165 702; x_wconf 90' lang='lat' dir='ltr'><strong>cecidit</strong></span> <span class='ocrx_word' id='word_1_12' title='bbox 1190 646 1315 737; x_wconf 47' lang='lat' dir='ltr'><strong>{⁶35}ss</strong></span> 
     </span>
     <span class='ocr_line' id='line_1_3' title="bbox 219 723 1319 818; baseline 0.009 -28"><span class='ocrx_word' id='word_1_13' title='bbox 219 729 320 793; x_wconf 89' lang='lat' dir='ltr'><strong>homo</strong></span> <span class='ocrx_word' id='word_1_14' title='bbox 340 729 467 794; x_wconf 84' lang='lat' dir='ltr'><strong>valoris</strong></span> <span class='ocrx_word' id='word_1_15' title='bbox 487 733 523 795; x_wconf 91' lang='lat' dir='ltr'><strong>in</strong></span> <span class='ocrx_word' id='word_1_16' title='bbox 544 734 638 796; x_wconf 90' lang='lat' dir='ltr'><strong>omni</strong></span> <span class='ocrx_word' id='word_1_17' title='bbox 664 735 787 816; x_wconf 87' lang='lat' dir='ltr'><strong>proelio</strong></span> <span class='ocrx_word' id='word_1_18' title='bbox 805 736 869 798; x_wconf 87' lang='lat' dir='ltr'><strong>nisi</strong></span> <span class='ocrx_word' id='word_1_19' title='bbox 887 736 982 800; x_wconf 91' lang='lat' dir='ltr'><strong>solus</strong></span> <span class='ocrx_word' id='word_1_20' title='bbox 1000 737 1166 818; x_wconf 84' lang='lat' dir='ltr'><strong>magister</strong></span> <span class='ocrx_word' id='word_1_21' title='bbox 1211 725 1217 736; x_wconf 73' lang='grc'>’</span> <span class='ocrx_word' id='word_1_22' title='bbox 1246 725 1251 734; x_wconf 73' lang='grc'><strong><em>’</em></strong></span> <span class='ocrx_word' id='word_1_23' title='bbox 1313 723 1319 734; x_wconf 66' lang='grc'>’</span> 
     </span>
     <span class='ocr_line' id='line_1_4' title="bbox 218 829 1165 919; baseline 0.01 -28"><span class='ocrx_word' id='word_1_24' title='bbox 218 829 351 892; x_wconf 84' lang='lat' dir='ltr'><strong>militiae</strong></span> <span class='ocrx_word' id='word_1_25' title='bbox 361 829 522 912; x_wconf 83' lang='lat' dir='ltr'><strong>Templi,¹</strong></span> <span class='ocrx_word' id='word_1_26' title='bbox 539 833 598 914; x_wconf 92' lang='lat' dir='ltr'><strong>qui</strong></span> <span class='ocrx_word' id='word_1_27' title='bbox 612 834 831 916; x_wconf 89' lang='lat' dir='ltr'><strong>insequendo</strong></span> <span class='ocrx_word' id='word_1_28' title='bbox 846 835 1017 916; x_wconf 83' lang='lat' dir='ltr'><strong>fugientes</strong></span> <span class='ocrx_word' id='word_1_29' title='bbox 1032 836 1067 898; x_wconf 92' lang='lat' dir='ltr'><strong>in</strong></span> <span class='ocrx_word' id='word_1_30' title='bbox 1079 856 1165 919; x_wconf 92' lang='lat' dir='ltr'><strong>quo·</strong></span> 
     </span>
    </p>
   </div>
   <div class='ocr_carea' id='block_1_3' title="bbox 219 927 900 1013">
    <p class='ocr_par' dir='ltr' id='par_1_3' title="bbox 219 927 900 1013">
     <span class='ocr_line' id='line_1_5' title="bbox 219 927 900 1013; baseline 0.013 -24"><span class='ocrx_word' id='word_1_31' title='bbox 219 927 297 991; x_wconf 89' lang='lat' dir='ltr'><strong>dam</strong></span> <span class='ocrx_word' id='word_1_32' title='bbox 314 928 393 992; x_wconf 89' lang='lat' dir='ltr'><strong>lacu</strong></span> <span class='ocrx_word' id='word_1_33' title='bbox 406 929 617 1013; x_wconf 85' lang='lat' dir='ltr'><strong>interceptus</strong></span> <span class='ocrx_word' id='word_1_34' title='bbox 634 939 686 996; x_wconf 84' lang='lat' dir='ltr'><strong>est</strong></span> <span class='ocrx_word' id='word_1_35' title='bbox 704 941 739 997; x_wconf 85' lang='lat' dir='ltr'><strong>et</strong></span> <span class='ocrx_word' id='word_1_36' title='bbox 754 935 900 998; x_wconf 87' lang='lat' dir='ltr'><strong>occisus.</strong></span> 
     </span>
    </p>
   </div>
   <div class='ocr_carea' id='block_1_4' title="bbox 281 1143 1100 1311">
    <p class='ocr_par' dir='ltr' id='par_1_4' title="bbox 281 1143 1100 1311">
     <span class='ocr_line' id='line_1_6' title="bbox 281 1143 1100 1238; baseline 0.009 -31"><span class='ocrx_word' id='word_1_37' title='bbox 281 1143 369 1208; x_wconf 76' lang='lat' dir='ltr'><strong>‘Rea</strong></span> <span class='ocrx_word' id='word_1_38' title='bbox 383 1143 469 1208; x_wconf 74' lang='lat' dir='ltr'><strong>dedit</strong></span> <span class='ocrx_word' id='word_1_39' title='bbox 488 1145 603 1210; x_wconf 78' lang='lat' dir='ltr'><strong>Terras</strong></span> <span class='ocrx_word' id='word_1_40' title='bbox 618 1147 813 1232; x_wconf 80' lang='lat' dir='ltr'><strong>quorundam</strong></span> <span class='ocrx_word' id='word_1_41' title='bbox 828 1149 988 1215; x_wconf 75' lang='lat' dir='ltr'><em>Scotorum</em></span> <span class='ocrx_word' id='word_1_42' title='bbox 1003 1153 1100 1238; x_wconf 69' lang='lat' dir='ltr'><strong>May-</strong></span> 
     </span>
     <span class='ocr_line' id='line_1_7' title="bbox 573 1244 814 1311; baseline 0.012 -3"><span class='ocrx_word' id='word_1_43' title='bbox 573 1244 697 1310; x_wconf 80' lang='lat' dir='ltr'><strong>uutidus</strong></span> <span class='ocrx_word' id='word_1_44' title='bbox 710 1247 814 1311; x_wconf 75' lang='lat' dir='ltr'><strong>suis.&#39;⁹</strong></span> 
     </span>
    </p>
   </div>
   <div class='ocr_carea' id='block_1_5' title="bbox 162 1418 1295 3776">
    <p class='ocr_par' dir='ltr' id='par_1_5' title="bbox 214 1418 1295 2988">
     <span class='ocr_line' id='line_1_8' title="bbox 268 1418 1166 1505; baseline 0.006 -23"><span class='ocrx_word' id='word_1_45' title='bbox 268 1418 432 1497; x_wconf 85' lang='lat' dir='ltr'><strong>Obtenta,</strong></span> <span class='ocrx_word' id='word_1_46' title='bbox 449 1428 488 1485; x_wconf 90' lang='lat' dir='ltr'><strong>ut</strong></span> <span class='ocrx_word' id='word_1_47' title='bbox 505 1421 633 1485; x_wconf 90' lang='lat' dir='ltr'><strong>dictum</strong></span> <span class='ocrx_word' id='word_1_48' title='bbox 652 1428 717 1499; x_wconf 84' lang='lat' dir='ltr'><strong>est,</strong></span> <span class='ocrx_word' id='word_1_49' title='bbox 734 1441 755 1486; x_wconf 88' lang='lat' dir='ltr'><strong>a</strong></span> <span class='ocrx_word' id='word_1_50' title='bbox 777 1421 890 1486; x_wconf 90' lang='lat' dir='ltr'><strong>Scotis</strong></span> <span class='ocrx_word' id='word_1_51' title='bbox 912 1423 1069 1500; x_wconf 89' lang='lat' dir='ltr'><strong>victoria,</strong></span> <span class='ocrx_word' id='word_1_52' title='bbox 1085 1443 1166 1505; x_wconf 90' lang='lat' dir='ltr'><strong>pro-</strong></span> 
     </span>
     <span class='ocr_line' id='line_1_9' title="bbox 217 1520 1164 1603; baseline 0.007 -24"><span class='ocrx_word' id='word_1_53' title='bbox 217 1527 397 1582; x_wconf 86' lang='lat' dir='ltr'><strong>cesserunt</strong></span> <span class='ocrx_word' id='word_1_54' title='bbox 418 1520 527 1603; x_wconf 78' lang='lat' dir='ltr'>aliqui</span> <span class='ocrx_word' id='word_1_55' title='bbox 549 1541 593 1584; x_wconf 86' lang='lat' dir='ltr'><strong>ex</strong></span> <span class='ocrx_word' id='word_1_56' title='bbox 609 1521 791 1585; x_wconf 85' lang='lat' dir='ltr'><strong>comitibus</strong></span> <span class='ocrx_word' id='word_1_57' title='bbox 806 1522 945 1599; x_wconf 90' lang='lat' dir='ltr'><strong>nostris,</strong></span> <span class='ocrx_word' id='word_1_58' title='bbox 960 1522 1164 1603; x_wconf 77' lang='lat' dir='ltr'><strong>insequente</strong></span> 
     </span>
     <span class='ocr_line' id='line_1_10' title="bbox 215 1618 1164 1702; baseline 0.008 -23"><span class='ocrx_word' id='word_1_59' title='bbox 215 1618 434 1699; x_wconf 87' lang='lat' dir='ltr'><strong>postmodum</strong></span> <span class='ocrx_word' id='word_1_60' title='bbox 447 1639 660 1702; x_wconf 65' lang='lat' dir='ltr'><strong>regensque</strong></span> <span class='ocrx_word' id='word_1_61' title='bbox 673 1621 718 1684; x_wconf 87' lang='lat' dir='ltr'><strong>ad</strong></span> <span class='ocrx_word' id='word_1_62' title='bbox 733 1621 897 1685; x_wconf 89' lang='lat' dir='ltr'><strong>Sanctum</strong></span> <span class='ocrx_word' id='word_1_63' title='bbox 914 1620 1090 1686; x_wconf 89' lang='lat' dir='ltr'><strong>Andream</strong></span> <span class='ocrx_word' id='word_1_64' title='bbox 1106 1627 1164 1687; x_wconf 87' lang='lat' dir='ltr'><strong>‘et</strong></span> 
     </span>
     <span class='ocr_line' id='line_1_11' title="bbox 216 1716 1164 1799; baseline 0.007 -21"><span class='ocrx_word' id='word_1_65' title='bbox 216 1716 374 1779; x_wconf 84' lang='lat' dir='ltr'><strong>viliam’³</strong></span> <span class='ocrx_word' id='word_1_66' title='bbox 403 1717 521 1782; x_wconf 80' lang='lat' dir='ltr'><strong>Sancti</strong></span> <span class='ocrx_word' id='word_1_67' title='bbox 543 1718 567 1783; x_wconf 85' lang='lat' dir='ltr'>J</span> <span class='ocrx_word' id='word_1_68' title='bbox 569 1719 713 1783; x_wconf 86' lang='lat' dir='ltr'><strong>ohannis</strong></span> <span class='ocrx_word' id='word_1_69' title='bbox 736 1726 914 1784; x_wconf 78' lang='lat' dir='ltr'><strong>vastantes</strong></span> <span class='ocrx_word' id='word_1_70' title='bbox 937 1721 1072 1799; x_wconf 85' lang='lat' dir='ltr'><strong>omniu;</strong></span> <span class='ocrx_word' id='word_1_71' title='bbox 1100 1740 1164 1785; x_wconf 89' lang='lat' dir='ltr'><strong>nec</strong></span> 
     </span>
     <span class='ocr_line' id='line_1_12' title="bbox 216 1815 1163 1900; baseline 0 -16"><span class='ocrx_word' id='word_1_72' title='bbox 216 1823 291 1884; x_wconf 80' lang='lat' dir='ltr'><strong>crat</strong></span> <span class='ocrx_word' id='word_1_73' title='bbox 314 1836 360 1880; x_wconf 86' lang='lat' dir='ltr'><strong>ex</strong></span> <span class='ocrx_word' id='word_1_74' title='bbox 386 1817 499 1881; x_wconf 86' lang='lat' dir='ltr'><strong>Sentis</strong></span> <span class='ocrx_word' id='word_1_75' title='bbox 520 1820 579 1900; x_wconf 93' lang='lat' dir='ltr'><strong>qui</strong></span> <span class='ocrx_word' id='word_1_76' title='bbox 600 1819 788 1894; x_wconf 83' lang='lat' dir='ltr'><strong>resisteret,</strong></span> <span class='ocrx_word' id='word_1_77' title='bbox 806 1815 862 1882; x_wconf 79' lang='lat' dir='ltr'><strong>rel</strong></span> <span class='ocrx_word' id='word_1_78' title='bbox 885 1820 1096 1883; x_wconf 84' lang='lat' dir='ltr'><strong>inveniretur</strong></span> <span class='ocrx_word' id='word_1_79' title='bbox 1119 1822 1163 1884; x_wconf 86' lang='lat' dir='ltr'><strong>ab</strong></span> 
     </span>
     <span class='ocr_line' id='line_1_13' title="bbox 216 1913 1163 2000; baseline 0.005 -23"><span class='ocrx_word' id='word_1_80' title='bbox 216 1913 276 1980; x_wconf 87' lang='lat' dir='ltr'><strong>eis.</strong></span> <span class='ocrx_word' id='word_1_81' title='bbox 328 1916 621 1998; x_wconf 86' lang='lat' dir='ltr'><strong>Diverteruntque</strong></span> <span class='ocrx_word' id='word_1_82' title='bbox 646 1917 754 1981; x_wconf 88' lang='lat' dir='ltr'><strong>nostri</strong></span> <span class='ocrx_word' id='word_1_83' title='bbox 771 1938 833 2000; x_wconf 91' lang='lat' dir='ltr'><strong>per</strong></span> <span class='ocrx_word' id='word_1_84' title='bbox 852 1917 1001 1981; x_wconf 89' lang='lat' dir='ltr'><strong>medinm</strong></span> <span class='ocrx_word' id='word_1_85' title='bbox 1025 1917 1163 1982; x_wconf 74' lang='lat' dir='ltr'><strong>forestae</strong></span> 
     </span>
     <span class='ocr_line' id='line_1_14' title="bbox 216 2012 1162 2098; baseline 0.006 -23"><span class='ocrx_word' id='word_1_86' title='bbox 216 2012 259 2076; x_wconf 93' lang='lat' dir='ltr'><strong>de</strong></span> <span class='ocrx_word' id='word_1_87' title='bbox 286 2013 436 2096; x_wconf 84' lang='lat' dir='ltr'><strong>Scikyrk</strong></span> <span class='ocrx_word' id='word_1_88' title='bbox 462 2035 573 2098; x_wconf 90' lang='lat' dir='ltr'><strong>usque</strong></span> <span class='ocrx_word' id='word_1_89' title='bbox 598 2016 778 2081; x_wconf 89' lang='lat' dir='ltr'><strong>castellum</strong></span> <span class='ocrx_word' id='word_1_90' title='bbox 802 2017 845 2079; x_wconf 92' lang='lat' dir='ltr'><strong>de</strong></span> <span class='ocrx_word' id='word_1_91' title='bbox 874 2014 978 2091; x_wconf 87' lang='lat' dir='ltr'><strong>Arce,</strong></span> <span class='ocrx_word' id='word_1_92' title='bbox 1005 2022 1040 2079; x_wconf 89' lang='lat' dir='ltr'><strong>et</strong></span> <span class='ocrx_word' id='word_1_93' title='bbox 1064 2017 1162 2081; x_wconf 84' lang='lat' dir='ltr'><strong>inve·</strong></span> 
     </span>
     <span class='ocr_line' id='line_1_15' title="bbox 216 2114 1162 2193; baseline 0.005 -16"><span class='ocrx_word' id='word_1_94' title='bbox 216 2121 340 2177; x_wconf 87' lang='lat' dir='ltr'><strong>nerunt</strong></span> <span class='ocrx_word' id='word_1_95' title='bbox 361 2114 448 2178; x_wconf 87' lang='lat' dir='ltr'><strong>iilud</strong></span> <span class='ocrx_word' id='word_1_96' title='bbox 471 2135 618 2179; x_wconf 85' lang='lat' dir='ltr'><strong>vacuum</strong></span> <span class='ocrx_word' id='word_1_97' title='bbox 643 2123 678 2180; x_wconf 87' lang='lat' dir='ltr'><strong>et</strong></span> <span class='ocrx_word' id='word_1_98' title='bbox 701 2117 898 2193; x_wconf 85' lang='lat' dir='ltr'><strong>incensum3</strong></span> <span class='ocrx_word' id='word_1_99' title='bbox 925 2115 1044 2178; x_wconf 86' lang='lat' dir='ltr'><strong>audito</strong></span> <span class='ocrx_word' id='word_1_100' title='bbox 1071 2117 1162 2182; x_wconf 89' lang='lat' dir='ltr'><strong>enim</strong></span> 
     </span>
     <span class='ocr_line' id='line_1_16' title="bbox 216 2211 1161 2298; baseline 0.005 -24"><span class='ocrx_word' id='word_1_101' title='bbox 216 2211 369 2276; x_wconf 85' lang='lat' dir='ltr'><strong>adventu</strong></span> <span class='ocrx_word' id='word_1_102' title='bbox 394 2214 498 2295; x_wconf 85' lang='lat' dir='ltr'><strong>regis,</strong></span> <span class='ocrx_word' id='word_1_103' title='bbox 525 2215 616 2296; x_wconf 83' lang='lat' dir='ltr'><strong>fugit</strong></span> <span class='ocrx_word' id='word_1_104' title='bbox 641 2234 663 2278; x_wconf 90' lang='lat' dir='ltr'><strong>a</strong></span> <span class='ocrx_word' id='word_1_105' title='bbox 690 2214 779 2279; x_wconf 85' lang='lat' dir='ltr'><strong>facie</strong></span> <span class='ocrx_word' id='word_1_106' title='bbox 810 2215 886 2298; x_wconf 90' lang='lat' dir='ltr'><strong>ejus</strong></span> <span class='ocrx_word' id='word_1_107' title='bbox 915 2214 1090 2278; x_wconf 86' lang='lat' dir='ltr'><strong>Robertus</strong></span> <span class='ocrx_word' id='word_1_108' title='bbox 1118 2215 1161 2280; x_wconf 90' lang='lat' dir='ltr'><strong>dc</strong></span> 
     </span>
     <span class='ocr_line' id='line_1_17' title="bbox 217 2311 1161 2396; baseline 0.006 -24"><span class='ocrx_word' id='word_1_109' title='bbox 217 2311 308 2375; x_wconf 86' lang='lat' dir='ltr'><strong>Brus</strong></span> <span class='ocrx_word' id='word_1_110' title='bbox 341 2311 473 2395; x_wconf 89' lang='lat' dir='ltr'><strong>junior,</strong></span> <span class='ocrx_word' id='word_1_111' title='bbox 505 2321 540 2378; x_wconf 91' lang='lat' dir='ltr'><strong>et</strong></span> <span class='ocrx_word' id='word_1_112' title='bbox 579 2314 729 2378; x_wconf 85' lang='lat' dir='ltr'><strong>incendit</strong></span> <span class='ocrx_word' id='word_1_113' title='bbox 759 2314 845 2377; x_wconf 85' lang='lat' dir='ltr'><strong>illud</strong></span> <span class='ocrx_word' id='word_1_114' title='bbox 882 2321 1036 2376; x_wconf 86' lang='lat' dir='ltr'><strong>castrum</strong></span> <span class='ocrx_word' id='word_1_115' title='bbox 1068 2315 1161 2396; x_wconf 92' lang='lat' dir='ltr'><strong>quod</strong></span> 
     </span>
     <span class='ocr_line' id='line_1_18' title="bbox 216 2412 1162 2495; baseline 0.004 -22"><span class='ocrx_word' id='word_1_116' title='bbox 216 2417 384 2475; x_wconf 87' lang='lat' dir='ltr'><strong>tenuerat.</strong></span> <span class='ocrx_word' id='word_1_117' title='bbox 438 2412 595 2495; x_wconf 87' lang='lat' dir='ltr'><strong>Cumque</strong></span> <span class='ocrx_word' id='word_1_118' title='bbox 620 2413 744 2477; x_wconf 86' lang='lat' dir='ltr'><strong>fuisset</strong></span> <span class='ocrx_word' id='word_1_119' title='bbox 771 2413 958 2477; x_wconf 88' lang='lat' dir='ltr'><strong>voluntatis</strong></span> <span class='ocrx_word' id='word_1_120' title='bbox 988 2413 1092 2494; x_wconf 84' lang='lat' dir='ltr'><strong>regiae</strong></span> <span class='ocrx_word' id='word_1_121' title='bbox 1122 2421 1162 2477; x_wconf 91' lang='lat' dir='ltr'><strong>ut</strong></span> 
     </span>
     <span class='ocr_line' id='line_1_19' title="bbox 214 2509 1160 2594; baseline 0.005 -23"><span class='ocrx_word' id='word_1_122' title='bbox 214 2515 296 2573; x_wconf 90' lang='lat' dir='ltr'><strong>tunc</strong></span> <span class='ocrx_word' id='word_1_123' title='bbox 323 2509 531 2577; x_wconf 86' lang='lat' dir='ltr'><strong>Galwaliam</strong></span> <span class='ocrx_word' id='word_1_124' title='bbox 553 2513 808 2594; x_wconf 84' lang='lat' dir='ltr'><strong>ingrederetur,</strong></span> <span class='ocrx_word' id='word_1_125' title='bbox 836 2511 1016 2592; x_wconf 81' lang='lat' dir='ltr'><strong>deficiente</strong></span> <span class='ocrx_word' id='word_1_126' title='bbox 1045 2520 1160 2576; x_wconf 87' lang='lat' dir='ltr'><strong>tamen</strong></span> 
     </span>
     <span class='ocr_line' id='line_1_20' title="bbox 214 2610 1295 2694; baseline 0.004 -22"><span class='ocrx_word' id='word_1_127' title='bbox 214 2627 303 2688; x_wconf 87' lang='lat' dir='ltr'><strong>pane</strong></span> <span class='ocrx_word' id='word_1_128' title='bbox 342 2610 465 2675; x_wconf 83' lang='lat' dir='ltr'><strong>deiecit</strong></span> <span class='ocrx_word' id='word_1_129' title='bbox 501 2618 537 2675; x_wconf 91' lang='lat' dir='ltr'><strong>et</strong></span> <span class='ocrx_word' id='word_1_130' title='bbox 572 2612 786 2694; x_wconf 87' lang='lat' dir='ltr'><strong>propositum</strong></span> <span class='ocrx_word' id='word_1_131' title='bbox 827 2611 926 2694; x_wconf 91' lang='lat' dir='ltr'><strong>ejus;</strong></span> <span class='ocrx_word' id='word_1_132' title='bbox 965 2631 1035 2674; x_wconf 90' lang='lat' dir='ltr'><strong>non</strong></span> <span class='ocrx_word' id='word_1_133' title='bbox 1069 2612 1159 2675; x_wconf 90' lang='lat' dir='ltr'><strong>enim</strong></span> <span class='ocrx_word' id='word_1_134' title='bbox 1174 2627 1295 2668; x_wconf 71' lang='lat' dir='ltr'><strong>rrovnton·</strong></span> 
     </span>
     <span class='ocr_line' id='line_1_21' title="bbox 216 2679 1218 2792; baseline 0.004 -22"><span class='ocrx_word' id='word_1_135' title='bbox 216 2718 380 2774; x_wconf 85' lang='lat' dir='ltr'><strong>venerant</strong></span> <span class='ocrx_word' id='word_1_136' title='bbox 397 2729 504 2775; x_wconf 86' lang='lat' dir='ltr'><strong>naves</strong></span> <span class='ocrx_word' id='word_1_137' title='bbox 528 2730 615 2792; x_wconf 89' lang='lat' dir='ltr'><strong>quas</strong></span> <span class='ocrx_word' id='word_1_138' title='bbox 640 2711 814 2787; x_wconf 87' lang='lat' dir='ltr'><strong>credebat,</strong></span> <span class='ocrx_word' id='word_1_139' title='bbox 829 2717 863 2774; x_wconf 93' lang='lat' dir='ltr'><strong>et</strong></span> <span class='ocrx_word' id='word_1_140' title='bbox 884 2730 946 2791; x_wconf 88' lang='lat' dir='ltr'><strong>per</strong></span> <span class='ocrx_word' id='word_1_141' title='bbox 967 2711 1161 2791; x_wconf 90' lang='lat' dir='ltr'><strong>quindecim</strong></span> <span class='ocrx_word' id='word_1_142' title='bbox 1172 2679 1218 2719; x_wconf 54' lang='grc' dir='ltr'><strong>ω’</strong></span> 
     </span>
     <span class='ocr_line' id='line_1_22' title="bbox 216 2806 1193 2891; baseline 0.005 -22"><span class='ocrx_word' id='word_1_143' title='bbox 216 2806 287 2870; x_wconf 87' lang='lat' dir='ltr'><strong>dies</strong></span> <span class='ocrx_word' id='word_1_144' title='bbox 297 2816 371 2872; x_wconf 86' lang='lat' dir='ltr'><strong>erat</strong></span> <span class='ocrx_word' id='word_1_145' title='bbox 381 2809 418 2871; x_wconf 93' lang='lat' dir='ltr'><strong>in</strong></span> <span class='ocrx_word' id='word_1_146' title='bbox 429 2811 553 2873; x_wconf 90' lang='lat' dir='ltr'><strong>castris</strong></span> <span class='ocrx_word' id='word_1_147' title='bbox 567 2810 674 2872; x_wconf 84' lang='lat' dir='ltr'><strong>fames</strong></span> <span class='ocrx_word' id='word_1_148' title='bbox 686 2808 810 2873; x_wconf 87' lang='lat' dir='ltr'><strong>valida.</strong></span> <span class='ocrx_word' id='word_1_149' title='bbox 850 2809 1065 2891; x_wconf 86' lang='lat' dir='ltr'><strong>Reversique</strong></span> <span class='ocrx_word' id='word_1_150' title='bbox 1081 2818 1161 2875; x_wconf 89' lang='lat' dir='ltr'><strong>sunt</strong></span> <span class='ocrx_word' id='word_1_151' title='bbox 1191 2813 1193 2820; x_wconf 88' lang='lat'>&#39;</span> 
     </span>
     <span class='ocr_line' id='line_1_23' title="bbox 214 2907 1161 2988; baseline 0.003 -20"><span class='ocrx_word' id='word_1_152' title='bbox 214 2925 276 2988; x_wconf 89' lang='lat' dir='ltr'><strong>per</strong></span> <span class='ocrx_word' id='word_1_153' title='bbox 291 2907 440 2970; x_wconf 89' lang='lat' dir='ltr'><strong>medium</strong></span> <span class='ocrx_word' id='word_1_154' title='bbox 456 2907 570 2972; x_wconf 88' lang='lat' dir='ltr'><strong>Vallis</strong></span> <span class='ocrx_word' id='word_1_155' title='bbox 588 2907 770 2983; x_wconf 86' lang='lat' dir='ltr'><strong>Anandiae,</strong></span> <span class='ocrx_word' id='word_1_156' title='bbox 784 2915 819 2971; x_wconf 88' lang='lat' dir='ltr'><strong>et</strong></span> <span class='ocrx_word' id='word_1_157' title='bbox 832 2907 1003 2971; x_wconf 84' lang='lat' dir='ltr'><strong>redditum</strong></span> <span class='ocrx_word' id='word_1_158' title='bbox 1018 2915 1072 2970; x_wconf 92' lang='lat' dir='ltr'><strong>est</strong></span> <span class='ocrx_word' id='word_1_159' title='bbox 1087 2911 1161 2988; x_wconf 88' lang='lat' dir='ltr'><strong>regi</strong></span> 
     </span>
    </p>

    <p class='ocr_par' dir='ltr' id='par_1_6' title="bbox 162 2995 1202 3776">
     <span class='ocr_line' id='line_1_24' title="bbox 162 2995 1160 3082; baseline 0.004 -16"><span class='ocrx_word' id='word_1_160' title='bbox 162 2995 167 3002; x_wconf 79' lang='grc'><strong>’</strong></span> <span class='ocrx_word' id='word_1_161' title='bbox 214 3004 395 3068; x_wconf 87' lang='lat' dir='ltr'><strong>castellum</strong></span> <span class='ocrx_word' id='word_1_162' title='bbox 417 3005 460 3068; x_wconf 84' lang='lat' dir='ltr'><strong>de</strong></span> <span class='ocrx_word' id='word_1_163' title='bbox 483 3005 717 3082; x_wconf 86' lang='lat' dir='ltr'><strong>Lochmabau,</strong></span> <span class='ocrx_word' id='word_1_164' title='bbox 738 3006 830 3068; x_wconf 86' lang='lat' dir='ltr'><strong>datis</strong></span> <span class='ocrx_word' id='word_1_165' title='bbox 849 3006 921 3069; x_wconf 84' lang='lat' dir='ltr'><strong>vita</strong></span> <span class='ocrx_word' id='word_1_166' title='bbox 944 3014 979 3069; x_wconf 87' lang='lat' dir='ltr'><strong>et</strong></span> <span class='ocrx_word' id='word_1_167' title='bbox 1001 3006 1160 3070; x_wconf 90' lang='lat' dir='ltr'><strong>membris</strong></span> 
     </span>
     <span class='ocr_line' id='line_1_25' title="bbox 212 3102 1159 3184; baseline 0.003 -20"><span class='ocrx_word' id='word_1_168' title='bbox 212 3102 278 3165; x_wconf 88' lang='lat' dir='ltr'><strong>hiis</strong></span> <span class='ocrx_word' id='word_1_169' title='bbox 287 3105 347 3184; x_wconf 92' lang='lat' dir='ltr'><strong>qui</strong></span> <span class='ocrx_word' id='word_1_170' title='bbox 360 3110 545 3167; x_wconf 88' lang='lat' dir='ltr'><strong>tenuerunt</strong></span> <span class='ocrx_word' id='word_1_171' title='bbox 557 3104 653 3167; x_wconf 87' lang='lat' dir='ltr'><strong>iliud.</strong></span> <span class='ocrx_word' id='word_1_172' title='bbox 700 3103 844 3167; x_wconf 90' lang='lat' dir='ltr'><strong>Interim</strong></span> <span class='ocrx_word' id='word_1_173' title='bbox 859 3103 1018 3167; x_wconf 90' lang='lat' dir='ltr'><strong>veniebat</strong></span> <span class='ocrx_word' id='word_1_174' title='bbox 1031 3124 1075 3167; x_wconf 89' lang='lat' dir='ltr'><strong>ex</strong></span> <span class='ocrx_word' id='word_1_175' title='bbox 1092 3104 1159 3167; x_wconf 92' lang='lat' dir='ltr'><strong>Hi·</strong></span> 
     </span>
     <span class='ocr_line' id='line_1_26' title="bbox 212 3201 1161 3286; baseline 0 -22"><span class='ocrx_word' id='word_1_176' title='bbox 212 3203 332 3265; x_wconf 90' lang='lat' dir='ltr'><strong>bernia</strong></span> <span class='ocrx_word' id='word_1_177' title='bbox 348 3203 488 3284; x_wconf 91' lang='lat' dir='ltr'><strong>quidam</strong></span> <span class='ocrx_word' id='word_1_178' title='bbox 502 3201 626 3266; x_wconf 89' lang='lat' dir='ltr'><strong>nobilis</strong></span> <span class='ocrx_word' id='word_1_179' title='bbox 640 3203 793 3284; x_wconf 82' lang='lat' dir='ltr'><strong>Thomas</strong></span> <span class='ocrx_word' id='word_1_180' title='bbox 807 3201 938 3266; x_wconf 89' lang='lat' dir='ltr'><strong>scilicet</strong></span> <span class='ocrx_word' id='word_1_181' title='bbox 949 3202 991 3266; x_wconf 86' lang='lat' dir='ltr'><strong>de</strong></span> <span class='ocrx_word' id='word_1_182' title='bbox 1002 3201 1161 3286; x_wconf 80' lang='lat' dir='ltr'><strong>Byseth,⁴</strong></span> 
     </span>
     <span class='ocr_line' id='line_1_27' title="bbox 213 3301 1162 3366; baseline 0.003 -3"><span class='ocrx_word' id='word_1_183' title='bbox 213 3308 247 3365; x_wconf 91' lang='lat' dir='ltr'><strong>et</strong></span> <span class='ocrx_word' id='word_1_184' title='bbox 262 3301 296 3364; x_wconf 89' lang='lat' dir='ltr'><strong>in</strong></span> <span class='ocrx_word' id='word_1_185' title='bbox 310 3302 478 3365; x_wconf 85' lang='lat' dir='ltr'><strong>auxilium</strong></span> <span class='ocrx_word' id='word_1_186' title='bbox 491 3301 671 3366; x_wconf 89' lang='lat' dir='ltr'><strong>Scotorum</strong></span> <span class='ocrx_word' id='word_1_187' title='bbox 682 3309 720 3364; x_wconf 92' lang='lat' dir='ltr'><strong>ut</strong></span> <span class='ocrx_word' id='word_1_188' title='bbox 734 3301 959 3364; x_wconf 88' lang='lat' dir='ltr'><strong>communiter</strong></span> <span class='ocrx_word' id='word_1_189' title='bbox 969 3301 1162 3366; x_wconf 80' lang='lat' dir='ltr'><strong>dicebatur.-</strong></span> 
     </span>
     <span class='ocr_line' id='line_1_28' title="bbox 214 3398 1160 3483; baseline 0.004 -21"><span class='ocrx_word' id='word_1_190' title='bbox 214 3398 285 3477; x_wconf 83' lang='lat' dir='ltr'><strong>Qui</strong></span> <span class='ocrx_word' id='word_1_191' title='bbox 314 3420 393 3464; x_wconf 89' lang='lat' dir='ltr'><strong>cum</strong></span> <span class='ocrx_word' id='word_1_192' title='bbox 423 3401 648 3483; x_wconf 86' lang='lat' dir='ltr'><strong>applicuisset</strong></span> <span class='ocrx_word' id='word_1_193' title='bbox 678 3401 712 3464; x_wconf 93' lang='lat' dir='ltr'><strong>in</strong></span> <span class='ocrx_word' id='word_1_194' title='bbox 738 3400 850 3463; x_wconf 91' lang='lat' dir='ltr'><strong>insula</strong></span> <span class='ocrx_word' id='word_1_195' title='bbox 872 3400 916 3464; x_wconf 87' lang='lat' dir='ltr'><strong>de</strong></span> <span class='ocrx_word' id='word_1_196' title='bbox 939 3398 1042 3476; x_wconf 88' lang='lat' dir='ltr'><strong>Arce,</strong></span> <span class='ocrx_word' id='word_1_197' title='bbox 1065 3409 1100 3465; x_wconf 87' lang='lat' dir='ltr'><strong>et</strong></span> <span class='ocrx_word' id='word_1_198' title='bbox 1122 3421 1160 3466; x_wconf 87' lang='lat' dir='ltr'><strong>se</strong></span> 
     </span>
     <span class='ocr_line' id='line_1_29' title="bbox 212 3498 1159 3580; baseline 0.003 -19"><span class='ocrx_word' id='word_1_199' title='bbox 212 3498 386 3580; x_wconf 85' lang='lat' dir='ltr'><strong>dedissent</strong></span> <span class='ocrx_word' id='word_1_200' title='bbox 408 3501 440 3564; x_wconf 87' lang='lat' dir='ltr'><strong>ci</strong></span> <span class='ocrx_word' id='word_1_201' title='bbox 463 3501 586 3564; x_wconf 85' lang='lat' dir='ltr'><strong>incolae</strong></span> <span class='ocrx_word' id='word_1_202' title='bbox 606 3499 712 3576; x_wconf 87' lang='lat' dir='ltr'><strong>illius,</strong></span> <span class='ocrx_word' id='word_1_203' title='bbox 732 3499 955 3580; x_wconf 85' lang='lat' dir='ltr'><strong>audissetque</strong></span> <span class='ocrx_word' id='word_1_204' title='bbox 972 3501 1016 3563; x_wconf 92' lang='lat' dir='ltr'><strong>ab</strong></span> <span class='ocrx_word' id='word_1_205' title='bbox 1035 3501 1159 3564; x_wconf 89' lang='lat' dir='ltr'><strong>incolis</strong></span> 
     </span>
     <span class='ocr_line' id='line_1_30' title="bbox 212 3598 1160 3679; baseline 0.002 -19"><span class='ocrx_word' id='word_1_206' title='bbox 212 3617 327 3679; x_wconf 82' lang='lat' dir='ltr'><strong>regem</strong></span> <span class='ocrx_word' id='word_1_207' title='bbox 353 3606 509 3663; x_wconf 89' lang='lat' dir='ltr'><strong>nostrum</strong></span> <span class='ocrx_word' id='word_1_208' title='bbox 532 3599 613 3662; x_wconf 91' lang='lat' dir='ltr'><strong>belli</strong></span> <span class='ocrx_word' id='word_1_209' title='bbox 638 3598 827 3663; x_wconf 89' lang='lat' dir='ltr'><strong>obtinuisse</strong></span> <span class='ocrx_word' id='word_1_210' title='bbox 853 3599 1046 3676; x_wconf 90' lang='lat' dir='ltr'><strong>victoriam,</strong></span> <span class='ocrx_word' id='word_1_211' title='bbox 1065 3600 1160 3663; x_wconf 91' lang='lat' dir='ltr'><strong>misit</strong></span> 
     </span>
     <span class='ocr_line' id='line_1_31' title="bbox 213 3695 1202 3776; baseline -0.001 -17"><span class='ocrx_word' id='word_1_212' title='bbox 213 3695 358 3760; x_wconf 81' lang='lat' dir='ltr'><strong>adeum</strong></span> <span class='ocrx_word' id='word_1_213' title='bbox 383 3700 538 3776; x_wconf 89' lang='lat' dir='ltr'><strong>nuncios,</strong></span> <span class='ocrx_word' id='word_1_214' title='bbox 561 3698 677 3762; x_wconf 87' lang='lat' dir='ltr'><strong>dicens</strong></span> <span class='ocrx_word' id='word_1_215' title='bbox 705 3716 742 3761; x_wconf 90' lang='lat' dir='ltr'><strong>se</strong></span> <span class='ocrx_word' id='word_1_216' title='bbox 769 3697 904 3761; x_wconf 87' lang='lat' dir='ltr'><strong>venisse</strong></span> <span class='ocrx_word' id='word_1_217' title='bbox 928 3699 964 3760; x_wconf 92' lang='lat' dir='ltr'><strong>in</strong></span> <span class='ocrx_word' id='word_1_218' title='bbox 989 3698 1158 3763; x_wconf 83' lang='lat' dir='ltr'><strong>auxilium</strong></span> <span class='ocrx_word' id='word_1_219' title='bbox 1199 3753 1202 3758; x_wconf 80' lang='grc'>,</span> 
     </span>
    </p>
   </div>
   <div class='ocr_carea' id='block_1_6' title="bbox 211 3927 1161 4266">
    <p class='ocr_par' dir='ltr' id='par_1_7' title="bbox 247 3927 478 3988">
     <span class='ocr_line' id='line_1_32' title="bbox 247 3927 478 3988; baseline 0.017 -14"><span class='ocrx_word' id='word_1_220' title='bbox 247 3927 371 3975; x_wconf 86' lang='lat' dir='ltr'><strong>¹Adrian</strong></span> <span class='ocrx_word' id='word_1_221' title='bbox 382 3927 406 3975; x_wconf 87' lang='lat' dir='ltr'><strong>le</strong></span> <span class='ocrx_word' id='word_1_222' title='bbox 418 3928 478 3988; x_wconf 86' lang='lat' dir='ltr'><strong>Say.</strong></span> 
     </span>
    </p>

    <p class='ocr_par' dir='ltr' id='par_1_8' title="bbox 211 3991 1161 4128">
     <span class='ocr_line' id='line_1_33' title="bbox 247 3991 1160 4055; baseline -0.001 -11"><span class='ocrx_word' id='word_1_223' title='bbox 247 3991 258 4022; x_wconf 82' lang='lat'>²</span> <span class='ocrx_word' id='word_1_224' title='bbox 272 3996 369 4044; x_wconf 84' lang='lat' dir='ltr'><strong>‘Dedit</strong></span> <span class='ocrx_word' id='word_1_225' title='bbox 376 3998 432 4046; x_wconf 86' lang='lat' dir='ltr'><strong>Rex</strong></span> <span class='ocrx_word' id='word_1_226' title='bbox 440 3998 532 4046; x_wconf 82' lang='lat' dir='ltr'><strong>Terras</strong></span> <span class='ocrx_word' id='word_1_227' title='bbox 540 3995 672 4046; x_wconf 90' lang='lat' dir='ltr'><strong>Scotorum</strong></span> <span class='ocrx_word' id='word_1_228' title='bbox 733 3995 743 4026; x_wconf 80' lang='lat'><strong>⁴</strong></span> <span class='ocrx_word' id='word_1_229' title='bbox 759 3995 869 4044; x_wconf 84' lang='lat' dir='ltr'><strong>Thomas</strong></span> <span class='ocrx_word' id='word_1_230' title='bbox 878 3995 1085 4055; x_wconf 56' lang='lat' dir='ltr'><strong>denisretalias</strong></span> <span class='ocrx_word' id='word_1_231' title='bbox 1097 3995 1160 4044; x_wconf 84' lang='lat' dir='ltr'><strong>Mir-</strong></span> 
     </span>
     <span class='ocr_line' id='line_1_34' title="bbox 211 4064 1161 4128; baseline 0 -15"><span class='ocrx_word' id='word_1_232' title='bbox 211 4065 673 4128; x_wconf 75' lang='lat' dir='ltr'><strong>Magnatibussuis,’MS.Cott.Vesp.</strong></span> <span class='ocrx_word' id='word_1_233' title='bbox 699 4071 745 4114; x_wconf 81' lang='lat' dir='ltr'><strong>set.</strong></span> <span class='ocrx_word' id='word_1_234' title='bbox 778 4064 911 4113; x_wconf 84' lang='lat' dir='ltr'><strong>Hislands</strong></span> <span class='ocrx_word' id='word_1_235' title='bbox 922 4079 990 4112; x_wconf 89' lang='lat' dir='ltr'><strong>were</strong></span> <span class='ocrx_word' id='word_1_236' title='bbox 1001 4078 1062 4112; x_wconf 86' lang='lat' dir='ltr'><strong>near</strong></span> <span class='ocrx_word' id='word_1_237' title='bbox 1069 4064 1161 4113; x_wconf 80' lang='lat' dir='ltr'><strong>elane-</strong></span> 
     </span>
    </p>

    <p class='ocr_par' dir='ltr' id='par_1_9' title="bbox 212 4132 1137 4266">
     <span class='ocr_line' id='line_1_35' title="bbox 245 4132 1137 4197; baseline 0 -14"><span class='ocrx_word' id='word_1_238' title='bbox 245 4132 257 4162; x_wconf 85' lang='lat'>⁸</span> <span class='ocrx_word' id='word_1_239' title='bbox 271 4139 313 4184; x_wconf 85' lang='lat' dir='ltr'><strong>‘et</strong></span> <span class='ocrx_word' id='word_1_240' title='bbox 332 4136 403 4197; x_wconf 90' lang='lat' dir='ltr'><strong>Pert,</strong></span> <span class='ocrx_word' id='word_1_241' title='bbox 422 4151 480 4184; x_wconf 89' lang='lat' dir='ltr'><strong>eum</strong></span> <span class='ocrx_word' id='word_1_242' title='bbox 499 4135 579 4195; x_wconf 56' lang='lat' dir='ltr'><strong>villass</strong></span> <span class='ocrx_word' id='word_1_243' title='bbox 598 4135 672 4184; x_wconf 84' lang='lat' dir='ltr'>MSS.</span> <span class='ocrx_word' id='word_1_244' title='bbox 698 4136 747 4195; x_wconf 86' lang='lat' dir='ltr'><strong>boy</strong></span> <span class='ocrx_word' id='word_1_245' title='bbox 759 4135 808 4183; x_wconf 84' lang='lat' dir='ltr'><strong>and</strong></span> <span class='ocrx_word' id='word_1_246' title='bbox 820 4133 862 4183; x_wconf 88' lang='lat' dir='ltr'><strong>the</strong></span> <span class='ocrx_word' id='word_1_247' title='bbox 875 4134 993 4182; x_wconf 82' lang='lat' dir='ltr'><strong>Dufferin</strong></span> <span class='ocrx_word' id='word_1_248' title='bbox 1006 4134 1030 4180; x_wconf 89' lang='lat' dir='ltr'><strong>in</strong></span> <span class='ocrx_word' id='word_1_249' title='bbox 1041 4133 1137 4184; x_wconf 74' lang='lat' dir='ltr'><strong>Uictor.</strong></span> 
     </span>
     <span class='ocr_line' id='line_1_36' title="bbox 212 4205 538 4266; baseline 0.006 -14"><span class='ocrx_word' id='word_1_250' title='bbox 212 4205 306 4266; x_wconf 73' lang='lat' dir='ltr'><strong>Lansd.</strong></span> <span class='ocrx_word' id='word_1_251' title='bbox 319 4205 369 4254; x_wconf 88' lang='lat' dir='ltr'><strong>and</strong></span> <span class='ocrx_word' id='word_1_252' title='bbox 381 4205 447 4256; x_wconf 86' lang='lat' dir='ltr'><strong>Cott.</strong></span> <span class='ocrx_word' id='word_1_253' title='bbox 459 4206 538 4266; x_wconf 82' lang='lat' dir='ltr'><strong>Vesp.</strong></span> 
     </span>
    </p>
   </div>
   <div class='ocr_carea' id='block_1_7' title="bbox 0 0 1588 4992">
    <p class='ocr_par' dir='ltr' id='par_1_10' title="bbox 0 0 1588 4992">
     <span class='ocr_line' id='line_1_37' title="bbox 0 0 1588 4992; baseline 0 3"><span class='ocrx_word' id='word_1_254' title='bbox 0 0 1588 4992; x_wconf 95' lang='lat' dir='ltr'><strong> </strong></span> 
     </span>
    </p>
   </div>
  </div>
 </body>
</html>
