3178 4992
431 458 601 506 wrcrnru
626 461 673 506 nn
696 459 977 508 unnrncnoncn.
1116 441 1181 509 131

231 632 294 696 per
315 619 451 696 tempus
474 613 626 695 aliquod,
643 620 677 678 et
697 613 888 696 periculum
904 625 1005 677 sunm
1023 633 1083 680 ore
1098 625 1179 694 prn·
1205 627 1328 716 {⁶⁸55}ss

231 712 308 795 prio
339 713 538 789 enarravit;
572 713 690 792 retulit
724 713 827 781 etiarn
862 713 960 780 nobis
988 713 1081 794 quod
1108 719 1179 778 tres
1191 701 1340 796 W

232 809 388 891 Anglici,
411 812 472 892 qui
498 811 534 878 in
558 811 676 874 eadem
710 811 795 875 villa
823 810 943 878 Sancti
974 810 1125 874 Andreae
1142 812 1181 874 in·
1192 807 1300 846 ΜΝ·

232 909 351 978 Scotin
368 909 579 978 mansionem
598 916 835 991 susceperant,
850 929 928 976 cum
944 929 967 974 a
981 909 1068 973 facie
1084 910 1179 974 illius

231 1006 399 1073 Willelmi
415 1006 563 1089 Walays
579 1016 614 1072 et
629 1027 768 1075 suornm
785 1007 957 1089 fugissent
979 1009 1016 1072 in
1030 1007 1181 1089 lapidem

230 1106 328 1168 illum
353 1106 486 1172 scilicet
511 1107 572 1188 qui
597 1106 725 1170 dicitur
753 1113 853 1189 petra
875 1107 931 1171 vel
959 1126 1042 1172 acus
1067 1107 1181 1172 sancti

233 1201 394 1280 Andreae,
421 1205 599 1269 credentes
622 1224 660 1272 se
684 1224 788 1286 posse
813 1205 938 1286 lapidis
964 1206 1180 1274 immunitate

230 1303 357 1370 muniri
389 1322 467 1367 cum
496 1311 617 1372 sancta
648 1312 759 1368 mater
788 1304 934 1374 ecclesia
959 1303 1180 1384 privilegium

231 1401 445 1482 perdidisset,
475 1421 497 1464 a
523 1401 638 1469 Scotis
665 1402 813 1472 insecuti
835 1409 918 1466 sunt
941 1408 976 1466 et
1001 1403 1036 1466 in
1060 1401 1180 1486 eodem

230 1499 346 1581 lapide
361 1499 545 1564 interfecti.

246 1721 399 1800 Qnidom¹
416 1724 576 1788 Scotorum
590 1723 740 1788 dodcrrurt
754 1746 783 1789 se
797 1725 911 1790 nostris
924 1726 1013 1810 apud
1026 1726 1164 1809 Ireroyn.

282 1893 370 1958 Cum
387 1896 430 1958 ad
446 1897 654 1961 audientiam
670 1897 761 1976 regis
777 1899 887 1962 nostri
902 1898 988 1962 talia
1005 1899 1181 1980 pervenis·

230 2001 311 2058 sent
329 1993 373 2061 de
398 1993 491 2059 facili
516 1995 619 2060 fidem
639 1994 762 2062 ‘non’²
787 1995 956 2073 adhibuit,
985 1998 1045 2061 sed
1075 1998 1182 2062 misso

233 2092 460 2159 Dunolmensi
476 2094 650 2176 episcopo,
667 2095 832 2176 praecepit
851 2114 955 2176 snper
971 2094 1037 2159 hoc
1054 2096 1181 2160 verita·

233 2197 302 2254 tem
327 2193 466 2273 inquiri.
521 2190 592 2269 Qui
610 2192 809 2259 *festinando
833 2193 1034 2271 convolans,
1050 2194 1183 2260 invenit

231 2291 486 2357 multitudinem
516 2291 699 2357 Scotorum
729 2290 971 2376 conglobatam
998 2293 1054 2357 cni
1079 2293 1182 2370 resis-

230 2395 302 2455 tere
327 2409 396 2454 non
423 2389 584 2467 audebat,
613 2397 647 2458 et
672 2410 832 2456 reversus
855 2391 900 2455 ad
928 2411 1044 2474 regem
1066 2393 1180 2456 omnia

230 2506 292 2569 per
312 2488 466 2555 ordinem
487 2489 675 2556 nunciavit.
727 2490 809 2554 Rex
824 2510 907 2554 vero
927 2492 963 2554 in
981 2491 1178 2555 Flandriam
1191 2517 1305 2566 menne

229 2587 330 2667 quasi
345 2588 522 2652 accinctus
540 2589 585 2654 ad
606 2589 685 2664 iter,
699 2589 942 2655 transfretandi
963 2591 1179 2673 propositum
1190 2567 1315 2658 ‹pffitm

229 2692 365 2752 mutare
400 2686 522 2762 noluit,
561 2687 621 2753 sed
658 2707 794 2752 omnem
831 2689 988 2753 militiam
1026 2689 1178 2754 Eborum
1190 2668 1341 2766 1⁸02?ssme

231 2785 415 2850 comitatus
431 2805 452 2848 a
468 2783 602 2850 Trenta
625 2805 735 2868 usque
752 2787 788 2849 in
810 2787 963 2852 Scotiam
977 2787 1046 2870 ipsi
1061 2789 1179 2853 comiti
1190 2766 1305 2856 dudm

230 2881 274 2948 de
296 2883 475 2950 Warenna
505 2885 701 2964 assignans,
732 2886 896 2967 praecepit
926 2892 965 2950 ut
996 2887 1178 2952 Scotorum

229 2981 412 3066 andaciam
429 2981 623 3050 festinando
639 2983 852 3065 reprimeret,
868 2990 903 3047 et
921 2993 1080 3048 auctores
1095 2985 1179 3049 mali

229 3079 347 3145 debita
357 3079 496 3162 justitia
515 3081 724 3160 castigaret.
768 3081 917 3146 Remisit
934 3083 1038 3146 etiam
1056 3083 1090 3146 in
1111 3089 1180 3147 ter·

228 3197 304 3248 ram
334 3177 461 3244 Scotiae
490 3179 610 3246 ambos
637 3179 715 3246 illos
743 3181 886 3244 comites
908 3181 935 3245 ¹J
938 3181 1108 3246 ohannem
1136 3181 1179 3245 de

230 3276 445 3359 Badenangh
472 3284 507 3342 et
529 3277 727 3346 Johannem
752 3279 795 3343 de
821 3278 1035 3361 ‘Bnghan,'³
1058 3281 1180 3363 praeci-

229 3375 326 3457 piens
349 3375 399 3440 eis
422 3377 458 3440 in
480 3376 548 3442 fide
569 3396 635 3442 sua
663 3384 703 3442 ut
725 3377 912 3444 tumultum
937 3379 1057 3462 populi
1079 3379 1180 3444 seda·

228 3482 317 3550 rent,
325 3483 362 3539 et
376 3483 555 3541 manerent
569 3477 606 3540 in
620 3476 787 3544 fidelitate
801 3477 982 3561 promissa.
1021 3477 1179 3556 Quorum

228 3572 286 3639 ille
311 3575 354 3639 de
377 3574 538 3664 Bughan,
562 3575 711 3641 colorem
737 3576 850 3658 primo
871 3577 1049 3654 simulans,
1069 3578 1179 3660 coepit

229 3673 413 3754 reprimere
439 3674 654 3756 quorundam
681 3675 877 3752 audaciam,
908 3677 969 3740 sed
998 3683 1115 3742 tamen
1143 3677 1179 3740 in

227 3770 296 3834 line
329 3771 442 3840 factus
465 3780 528 3840 ,est
565 3774 665 3839 nohis
697 3772 740 3838 de
770 3793 936 3841 converso
968 3794 1154 3858 perversus
1166 3795 1177 3855 3

261 4084 268 4114 ¹
287 4088 324 4136 At
334 4087 386 4138 this
402 4091 499 4138 motion
518 4090 574 4140 MS.
587 4090 688 4142 Cotton.
750 4089 761 4126 ³
776 4092 860 4153 ‘hiis,'
869 4093 926 4142 MS.
936 4091 1131 4157 Gottvespsn.
1139 4096 1176 4149 ix.

225 4158 369 4220 Vespasian
380 4158 414 4208 A.
427 4159 463 4207 ix.
475 4173 639 4210 commences.
750 4157 760 4188 ³
776 4160 917 4226 ‘Cohhanss
929 4162 986 4213 ΜΒ.
999 4162 1067 4214 Oott.
1079 4165 1159 4225 vesp.

1027 4262 1072 4308 Η
