3138 4988
397 477 567 524 weuram
593 477 639 522 ne
663 475 946 530 nuuruosuncu.
1085 461 1150 527 321

196 629 467 712 praedecessores
497 641 532 696 et
555 652 630 709 nos,
653 632 746 696 laesae
776 633 968 716 majestatis
995 633 1146 698 criminis
1160 651 1251 693 meere
1265 653 1309 693 nr.

196 729 244 791 rei
271 738 382 806 erant,
409 739 448 794 ut
467 740 589 795 contra
610 751 673 795 nos
696 732 779 794 nihil
802 732 937 815 injuriae
957 735 1144 810 omitteret,
1157 705 1299 827 Ltt'ffla

193 828 237 891 ad
268 837 405 893 nostras
437 829 583 913 injurias
617 831 747 894 foedere
777 830 948 913 adjunxit,
979 833 1015 895 in
1046 839 1144 897 tanto
1157 837 1216 884 nne
1225 839 1268 876 ee.

1156 887 1213 924 ward
1222 891 1244 925 to
1253 888 1289 926 tlte

193 927 334 990 crimine
367 937 494 992 nostrae
533 929 669 1012 injuriae
706 929 828 993 fovens
860 949 931 1005 ece,
965 931 1024 1012 qui
1062 930 1143 1013 jure
1157 936 1263 984 ¹³⁰r0⁸¹¹d

1155 985 1271 1030 cardinale,

193 1027 372 1106 sanguinis
400 1035 435 1090 et
461 1035 595 1091 naturae
624 1027 742 1092 debuit
769 1029 885 1108 potius
915 1048 977 1093 nos
1007 1028 1142 1111 juvare.
1155 1036 1299 1124 {32²{¹35§{2‘¹²

193 1123 350 1207 Cumque
364 1126 544 1206 praemissa
555 1127 670 1192 omnia
682 1145 750 1189 uon
762 1127 946 1209 implerent
957 1127 998 1191 de
1014 1130 1142 1192 nostris
1155 1135 1196 1222 ξιξ
1197 1136 1306 1223 32251200‘

192 1222 327 1306 injuriis
354 1233 473 1288 votum
505 1244 619 1302 suum,
645 1224 799 1288 collectis
827 1226 978 1308 undique
1012 1228 1142 1290 viribus

191 1322 353 1403 quicquid
368 1325 492 1405 potuit,
511 1331 551 1388 ut
567 1343 630 1387 nos
645 1323 706 1387 irae
722 1342 794 1386 suae
809 1329 943 1388 torrens
957 1326 1142 1390 absorbeat

191 1423 409 1503 aggregavit,
433 1422 554 1486 tollere
583 1441 645 1486 nos
669 1422 711 1486 de
736 1421 863 1485 mundo
887 1423 1069 1499 sollicitus,
1096 1425 1139 1488 ad

191 1520 275 1583 illud
298 1540 367 1584 non
391 1521 555 1597 intentos,
574 1521 720 1585 forsitan
738 1540 784 1583 ex
801 1522 934 1585 intento
959 1522 1053 1585 sacto
1076 1541 1140 1587 suo

191 1627 311 1682 contra
324 1639 399 1695 nos,
415 1628 570 1683 nostrum
590 1627 712 1684 contra
737 1639 774 1682 se
797 1621 936 1684 metitus
955 1621 1139 1698 intentum,

191 1718 282 1798 quod
308 1716 471 1798 colligere
500 1719 556 1782 vel
582 1720 695 1782 metiri
723 1719 879 1799 nequivit
906 1739 968 1800 per
991 1719 1144 1806 alicujus

192 1827 291 1879 actus
318 1817 426 1879 nostri
451 1816 620 1898 judicium
647 1816 798 1879 nondum
820 1824 945 1881 actum.
998 1818 1139 1895 Donum

191 1914 332 1995 insuper
366 1915 464 1978 nobis
495 1916 686 1996 impensum
719 1915 826 1978 divini
855 1915 1007 1994 muneris
1046 1934 1140 1996 aegre

191 2011 316 2090 ferens,
341 2012 526 2077 extimare¹
561 2014 655 2076 visus
685 2021 739 2076 est
772 2031 871 2075 suam
902 2013 1065 2096 injuriam
1101 2015 1136 2076 in

191 2109 330 2192 Angliae
357 2131 462 2192 reguo
486 2119 604 2176 nostro
634 2130 697 2174 nos
728 2112 844 2174 vivere
875 2129 980 2192 super
1009 2119 1137 2175 terram

191 2211 257 2272 etsi
281 2220 449 2292 quantum
475 2211 581 2274 dabat
605 2211 774 2274 Dominus
805 2229 981 2292 prospere,
1011 2210 1135 2273 saltem

190 2328 252 2388 per
269 2310 384 2372 omnia
400 2309 542 2390 pacifice
562 2309 677 2391 quoad
700 2328 791 2385 eum,
807 2309 969 2391 quodque
985 2310 1139 2372 serviens

190 2408 288 2471 nobis
312 2408 473 2490 populus,
501 2407 557 2475 vel
583 2408 696 2470 verius
724 2409 780 2470 cui
802 2409 983 2484 servimus,
1011 2409 1138 2471 nostris

190 2508 401 2587 temporibus
434 2507 500 2571 Dei
534 2506 623 2570 dono
663 2506 766 2570 suerit
799 2507 982 2586 gloriosus.
1050 2506 1139 2569 Haec

190 2613 304 2668 autem
322 2625 390 2669 non
416 2607 534 2668 statim
558 2605 679 2668 audita
696 2605 751 2667 vel
773 2605 914 2685 cognita
937 2624 1000 2669 nos
1022 2624 1139 2668 move.

190 2711 283 2780 runt,
309 2705 369 2767 sed
400 2703 461 2767 illa
495 2705 559 2768 sub
601 2703 873 2767 dissimulatione
904 2703 1137 2777 transivimus,

189 2803 275 2864 nulli
300 2809 479 2884 parcentes
502 2803 597 2865 oneri
624 2802 679 2865 vel
709 2802 842 2878 honori,
866 2808 906 2865 ut
928 2806 1051 2866 contra
1074 2822 1138 2866 nos

189 2902 383 2981 persecutio
398 2919 462 2963 sua
478 2901 674 2983 injuriaque
692 2901 897 2981 quiesceret,
914 2906 1138 2982 nostrumque

189 3018 267 3061 cum
298 3018 338 3062 eo
363 2998 543 3082 pacificum
570 3005 705 3078 tempus
731 3007 834 3073 esset,
858 2997 967 3060 donec
996 3000 1137 3079 propin-

190 3116 296 3179 quum
316 3097 415 3160 nobis
435 3097 582 3158 vidimus
607 3096 760 3176 gladium
790 3102 918 3174 nostrae
942 3115 983 3159 ac
1004 3103 1140 3159 nostro-

188 3215 264 3261 rum
290 3196 366 3259 neci
388 3204 422 3258 et
452 3195 655 3258 exterminio
683 3202 927 3275 praeparatum.
967 3193 1033 3256 Sed
1053 3205 1140 3256 nun-

189 3294 270 3375 quid
294 3294 419 3376 aliquis
441 3301 495 3357 est
518 3293 578 3376 qui
608 3292 725 3356 credat
753 3292 844 3375 quod
875 3293 1010 3358 animus
1042 3294 1139 3359 nobis

191 3393 351 3474 cognitus
384 3392 547 3474 principis
584 3398 690 3455 tantae
727 3390 905 3473 potentiae,
939 3398 974 3454 et
1004 3391 1067 3466 sic,
1100 3399 1139 3456 ut

190 3492 422 3573 praemittitur,
443 3497 622 3574 occupatae
646 3489 757 3566 nobis,
779 3489 882 3568 suerit
898 3489 1138 3570 negligendus,

191 3591 250 3672 qui
282 3609 355 3654 suae
392 3590 524 3654 viribus
557 3588 747 3652 voluntatis
786 3595 953 3664 armatus,
982 3589 1139 3669 potentia

190 3689 340 3771 undique
355 3691 482 3752 vocata
500 3689 662 3764 vallatuS,
678 3689 791 3751 solum
807 3696 847 3751 ut
863 3687 973 3769 possit
996 3687 1138 3750 liberius

188 3807 252 3869 pro
275 3807 339 3850 sua
355 3788 535 3852 voluntate
550 3807 613 3850 nos
638 3787 811 3869 persequi,
832 3787 986 3868 juratam
1011 3784 1138 3848 deserit

189 3905 330 3950 causam
347 3886 485 3951 Christi.
540 3885 633 3963 Quid
652 3904 735 3966 ergo
751 3904 814 3966 pro
832 3902 896 3946 suo
907 3884 987 3965 jure
1005 3902 1138 3963 suaque

188 3987 374 4049 securitate
389 4004 458 4047 non
474 3985 573 4047 licuit
584 3983 669 4063 regi,
681 3984 736 4045 sui
752 3988 865 4045 status
881 3983 1004 4062 suique
1018 3980 1139 4062 populi

188 4083 377 4166 periculum
401 4082 475 4165 jam
503 4082 645 4156 videnti,
674 4080 768 4144 dicat
796 4080 856 4162 qui
884 4080 1030 4154 noverit,
1056 4078 1139 4158 quid

189 4171 1139 4194 ---.-------------

439 4217 445 4246 ¹
465 4219 489 4265 A
501 4217 626 4266 medieval
637 4215 700 4264 form
713 4215 741 4263 ol
750 4215 886 4263 aestimure.

236 4338 315 4384 voh.
341 4336 380 4382 11.
966 4329 992 4374 Y
