3138 4988
442 487 612 538 wanrnnr
635 487 683 534 nn
705 485 988 536 unurrtcnuncn.
1112 468 1180 536 283

228 665 308 714 cum
333 645 423 724 aliis,
441 644 550 729 juxte
570 645 763 710 doctrinam
788 644 949 728 apostoli,
962 663 1077 710 onera
1098 664 1178 729 par·
1200 659 1253 700 mv
1236 659 1333 749 n⁸¹⁶¹¹

228 747 370 828 tiamur,
385 744 641 829 inquisitionem
665 743 862 828 hujusmodi
885 764 947 827 per
966 710 1342 834 venerabilesff-'fr'
1225 793 1274 832 no,
1286 793 1342 842 Pol„

229 845 354 910 fratres
371 853 511 911 nostros
526 845 741 922 dioecesanos
756 846 937 927 episcopos
952 843 989 908 in
1003 845 1076 909 suis
1091 845 1228 910 diee-
1191 845 1228 886 ⁰¹
1229 846 1298 884 Μ

229 947 365 1024 cesibus
391 953 427 1010 et
445 945 523 1010 aliis
543 943 729 1028 deputatos
755 963 779 1009 a
799 943 898 1008 nobis
919 951 1041 1008 contra
1058 944 1180 1027 singu·

228 1044 320 1109 lares
336 1064 503 1127 personas
518 1043 655 1127 praefati
670 1042 813 1121 ordiniS,
831 1050 866 1108 et
883 1061 945 1126 per
964 1042 1102 1108 eosdem
1117 1064 1180 1127 per

231 1149 294 1209 no‘s
318 1145 425 1210 etiam
445 1144 632 1227 deputatos
654 1149 776 1211 contra
797 1143 911 1226 ipsum
929 1141 1084 1208 ordinem
1105 1143 1179 1208 fieri

231 1243 480 1322 mandavimus,
504 1239 611 1326 juxta
634 1249 842 1316 nostrarum,
871 1261 960 1326 quas
982 1261 1088 1325 super
1111 1241 1179 1307 hoc

232 1343 281 1407 eis
298 1342 489 1425 dirigimus,
512 1341 759 1410 continentiam
771 1341 961 1405 literarum.
1011 1339 1180 1406 Volentes

230 1442 346 1524 igitur,
370 1449 411 1507 at
436 1441 555 1507 eadem
578 1439 756 1524 inquisitio
771 1438 825 1514 ad
853 1439 920 1505 Dei
942 1439 1118 1518 honorem,
1146 1449 1182 1506 et

231 1541 519 1618 fideisoatbolicae
545 1539 836 1618 observationem,
867 1546 904 1604 et
927 1538 1037 1604 totins
1055 1537 1181 1604 Chris·

232 1641 402 1708 tianitatis
439 1640 639 1718 utilitatem,
674 1639 777 1703 finem
813 1638 966 1704 debitum
1000 1638 1181 1714 sortiatur,

232 1740 379 1804 citamus
402 1747 521 1805 tenore
547 1739 770 1822 praesentium
798 1738 1181 1820 peremptorie-locum·

233 1847 408 1904 tenentem
428 1839 618 1923 supradicti
635 1836 804 1919 magistri,
817 1845 862 1901 et·
872 1846 1080 1902 conventum
1099 1836 1182 1902 dicti

233 1939 375 2016 ordinis,
398 1939 434 2002 in
463 1957 572 2019 regno
598 1936 718 2020 Cypri,
750 1954 936 2018 omnesque
966 1943 1002 2000 et
1025 1936 1183 2018 singulas

234 2056 401 2120 personas
423 2036 633 2120 ipsius,„sive
656 2036 728 2100 sint
746 2035 939 2117 presbyteri
960 2035 1034 2098 sive
1053 2035 1183 2113 clerici,

234 2138 372 2213 milites,
397 2141 640 2220 praeceptores‚
656 2134 871 2212 servientes,
897 2141 933 2198 et
959 2134 1048 2200 alios
1077 2153 1182 2217 qnos·

235 2239 382 2318 cumque
407 2235 534 2301 fratres
555 2234 711 2318 ejusdem
734 2233 876 2312 ordinis,
902 2234 939 2297 in
961 2253 1068 2315 regno
1093 2254 1182 2316 pree·

234 2336 328 2400 dicto
361 2335 416 2400 vel
456 2335 538 2400 eliis
564 2334 721 2417 partibus
761 2333 1033 2416 quibuscumque
1069 2341 1183 2398 trans·

235 2435 376 2502 marinis
398 2443 573 2500 morantes
600 2451 662 2497 seu
686 2432 1183 2516 existentesenquacunque

235 2537 342 2600 cansa
366 2534 492 2598 ibidem
519 2535 668 2610 fuerant,
691 2533 771 2597 illos
791 2532 958 2597 ¹videlicet
983 2532 1184 2615 quinnstra

236 2635 444 2699 auctoritate
457 2633 551 2716 capti
568 2640 607 2698 et
618 2632 750 2703 detenti
763 2651 833 2696 non
848 2639 942 2708 sunt,
958 2631 1052 2715 quod
1066 2631 1133 2715 ipsi
1148 2641 1184 2696 et

236 2753 354 2798 eornm
365 2733 641 2815 quilibetcoram
657 2732 757 2796 dictis
769 2730 976 2795 dioecesanis
993 2741 1029 2795 et
1043 2751 1184 2814 pernes

237 2833 287 2896 eis
317 2832 490 2916 adjunctis
515 2849 603 2913 quos
630 2830 852 2913 praemittitur
881 2829 1096 2894 decrevimus
1124 2830 1186 2896 de-

237 2931 420 3012 putandos,
438 2931 475 2994 in
494 2930 642 2994 termino
660 2948 763 3011 quem
783 2929 852 3011 ipsi
874 2949 938 3012 per
955 2949 1073 2993 eornm
1098 2932 1184 3012 pub·

237 3030 342 3102 licum
371 3029 520 3094 edictum
549 3028 733 3092 citationes
763 3035 972 3104 statuerant,
1000 3047 1108 3092 causa
1133 3029 1186 3092 di·

238 3129 338 3194 cendi
352 3147 471 3193 coram
484 3127 536 3191 eis
552 3126 595 3190 de
612 3126 787 3209 praedictis
807 3127 966 3190 omnibus
981 3127 1185 3207 veritatem3

239 3247 281 3292 ac
303 3228 440 3292 demum
459 3226 523 3304 illi,
543 3226 668 3309 quide
693 3225 815 3290 eadem
836 3225 1045 3292 auctoritate
1067 3233 1188 3291 nostra

240 3328 335 3410 capti
350 3347 418 3392 non
433 3326 572 3391 suerunt
584 3325 640 3391 nel
653 3325 795 3402 detenti,
810 3325 1049 3407 personaliter,
1063 3325 1187 3408 etipse

241 3434 431 3492 conventus
461 3445 523 3508 per
553 3425 696 3490 idonens
723 3424 886 3508 syndicos
913 3425 968 3489 vel
989 3424 1188 3491 defensores

241 3545 358 3590 coram
373 3525 472 3590 nobis
487 3526 523 3589 in
538 3523 693 3606 generali
710 3523 867 3600 concilio,
883 3524 976 3605 qnod
992 3523 1138 3588 Viennae
1153 3526 1189 3588 in

239 3623 411 3689 -kalendas
442 3623 605 3690 Octobris
642 3624 686 3688 ad
725 3623 813 3688 duos
838 3642 948 3688 annos
985 3625 1190 3707 congregari
1251 3671 1253 3676 ,

242 3724 495 3800 mandavimus,
512 3731 585 3793 tam
604 3721 805 3787 nominibus
820 3723 900 3786 'suis
920 3723 1068 3806 propriis
1083 3743 1190 3806 qnam

241 3823 374 3888 ordinis
401 3823 574 3906 praelibati
606 3841 804 3905 comparere
834 3829 1031 3904 procurent,
1054 3823 1190 3904 seipsos

240 3930 281 3987 et
306 3923 419 4005 ipsum
443 3921 610 3998 ordinem,
630 3921 662 3985 si
677 3921 863 3996 voluerint,
884 3939 990 4002 super
1013 3920 1191 4004 praedictis

244 4022 398 4104 legitime
415 4019 598 4097 defensuri,
614 4027 649 4085 et
659 4017 804 4103 justam,
819 4018 922 4081 dante
937 4019 1099 4095 Domino,
1115 4038 1190 4082 sen·

245 4121 390 4186 tentiam
411 4120 467 4186 vel
495 4117 748 4185 ordinationem
771 4123 923 4182 nostram
946 4117 1120 4182 humiliter
1142 4139 1193 4182 re·

246 4221 401 4303 cepturi;
429 4239 497 4284 nnn
514 4220 733 4284 obstantibus
750 4216 940 4301 privilegiis
958 4217 1069 4283 eidem
1083 4217 1194 4285 ordini
