3178 4992
435 505 606 554 wenroru
631 505 678 552 on
700 505 985 559 nunmononcn.
1112 496 1177 559 157

226 655 391 725 attonitis
429 657 597 723 medelam
635 657 857 736 adhibentes3
907 661 1178 744 confirmatoque
1203 677 1333 774 {⁶33ssss
1361 699 1365 704 -

227 769 343 826 castro
370 759 517 840 digressi
539 767 621 821 sunt
650 776 758 840 usque
787 756 964 826 Kelshow.
1011 761 1099 826 Inde
1128 782 1178 826 re
1193 782 1342 866 W

230 868 404 924 vertentes
437 857 530 940 apud
561 857 732 939 Berewyk
764 877 868 940 super
893 859 1059 924 Twedam
1083 864 1300 926 inve-sanan.

229 968 356 1023 nerunt
387 977 464 1022 eam
496 975 655 1034 vacuam,
687 975 729 1022 eo
758 958 853 1040 qnod
886 959 1048 1041 fugerant
1085 934 1345 1037 Scotiffiyssnruu

231 1059 351 1123 audito
381 1077 501 1122 eorum
531 1057 693 1138 ingressu
721 1057 757 1120 in
788 1065 928 1135 terram,
958 1065 993 1122 ct
1022 1059 1181 1142 Anglicis
1194 1037 1299 1130 iffiiii'.

232 1157 476 1231 castrensibus,
505 1155 566 1238 qui
596 1155 707 1219 multo
726 1155 801 1238 jam
828 1167 983 1240 tempore
1017 1180 1039 1223 a
1066 1161 1181 1225 Scotis

232 1257 371 1323 fuerant
399 1253 605 1338 oppugnati,
638 1253 733 1318 facta
756 1265 811 1320 est
842 1256 965 1322 laetitia
992 1277 1121 1340 magna
1146 1261 1181 1322 in

234 1357 441 1422 admissione
457 1374 611 1418 suorum.
664 1351 822 1437 Cumque
842 1364 1040 1421 nostrorum
1062 1358 1187 1423 fuisset

234 1457 425 1521 voluntatis
453 1461 489 1518 et
515 1453 685 1537 propositi
717 1462 757 1518 ut
785 1454 829 1518 ad
863 1455 1076 1538 perdendum
1101 1457 1185 1521 Sco-

234 1564 350 1622 torum
376 1555 568 1619 exercitum
589 1553 779 1634 dirigerent
804 1555 895 1618 acies
928 1575 1023 1634 suas,
1053 1577 1133 1621 ecce
1163 1577 1186 1620 e

235 1676 317 1738 rege
330 1663 449 1720 nostro
464 1672 593 1719 novum
610 1654 787 1718 emanavit
801 1655 1013 1720 mandatum.
1059 1656 1185 1739 Super-

203 1795 209 1806 ·
238 1755 333 1820 veuit
367 1756 458 1818 enim
498 1753 599 1836 quasi
631 1753 667 1816 in
698 1754 868 1836 principio
900 1753 1186 1838 Quadragesimae

239 1856 337 1919 miles
368 1854 509 1937 quidem
540 1872 619 1917 cum
647 1853 758 1917 literis
784 1855 877 1936 regis
906 1853 950 1916 ad
982 1856 1187 1939 praedictum

240 1955 401 2020 comitem
437 1954 481 2017 de
509 1952 688 2017 Warenna
722 1959 934 2035 ceterosque
975 1956 1121 2020 comites
1152 1964 1188 2019 et

240 2055 330 2118 alios
356 2072 440 2118 suos
470 2052 600 2128 fideles,
627 2052 883 2116 continentibus
913 2054 949 2116 in
982 2061 1082 2136 parte
1116 2055 1186 2119 sic:

242 2155 345 2233 Quod
373 2154 449 2237 ipse
479 2171 554 2228 rex,
586 2158 728 2215 auctore
763 2151 925 2229 Domino,
958 2155 1100 2234 negotia
1124 2174 1190 2218 sua

242 2253 475 2318 transmarina
497 2251 572 2334 jam
598 2252 686 2314 bene
714 2271 777 2332 pro
808 2260 891 2316 voto
916 2253 1130 2334 expedierat,
1154 2261 1190 2318 et

242 2353 277 2416 in
304 2351 448 2435 propria
464 2353 613 2433 persona
627 2359 830 2432 properaret
847 2351 892 2414 ad
910 2371 969 2416 eos
984 2353 1019 2416 in
1035 2353 1188 2417 Scotiam

243 2458 322 2517 cum
348 2451 440 2516 omni
462 2449 682 2515 festinatione
706 2469 775 2531 qua
796 2458 927 2533 posset,
953 2452 1122 2535 adjiciens
1152 2461 1192 2516 ut

242 2558 326 2616 ante
342 2551 452 2632 ipsius
469 2550 657 2614 adventum
673 2549 758 2612 nihil
780 2557 790 2584 ⁴
806 2549 938 2632 qnasi'1
954 2571 1119 2634 magnum
1137 2560 1192 2616 at-

245 2658 474 2733 temptaretur
497 2650 534 2712 in
567 2648 694 2726 Scotis,
724 2668 788 2713 nec
823 2668 862 2713 se
898 2650 970 2714 ullo
1004 2651 1194 2716 discrimini

245 2751 495 2832 manciparent,
521 2748 582 2812 sed
604 2749 635 2812 si
652 2747 771 2812 villam
793 2749 837 2812 de
857 2750 1028 2834 Berewyk
1050 2759 1195 2834 possent

243 2851 391 2933 adipisci
410 2855 592 2912 manerent
616 2848 756 2924 ibidem,
778 2849 886 2912 citum
909 2851 985 2934 ejus
1008 2850 1193 2915 adventum

246 2949 499 3032 praestolantes.
550 2946 708 3028 Accepto
730 2947 850 3028 itaque
872 2948 1071 3031 hujusmodi
1096 2969 1196 3013 man·

247 3049 343 3125 dato,
358 3048 538 3128 elegerunt
552 3065 598 3109 ex
618 3045 790 3109 universis
813 3047 957 3110 armatis
980 3047 1073 3111 mille
1096 3048 1196 3131 qnin-

248 3154 373 3230 gentos
387 3146 481 3210 viros
504 3145 541 3207 in
563 3144 662 3226 equis
687 3145 840 3222 armatis,
864 3151 900 3209 et
919 3145 1057 3209 circiter
1071 3141 1197 3228 viginti

249 3247 359 3312 millia
373 3243 529 3327 peditum
544 3243 733 3307 electorum
748 3244 809 3326 qni
827 3251 996 3309 venerant
1013 3265 1058 3308 ex
1067 3245 1199 3310 wallia

249 3354 284 3411 et
311 3366 355 3410 ex
386 3344 628 3409 remotioribus
660 3342 819 3425 partibus
845 3353 957 3422 terrae,
984 3345 1199 3410 remittentes

247 3446 293 3510 ad
318 3445 459 3528 propria
481 3451 627 3508 caeteros
657 3461 769 3525 usque
798 3443 843 3507 ad
874 3443 1063 3507 adventum
1092 3445 1197 3525 regis.

249 3546 525 3626 Manseruntque
553 3542 604 3606 sie
632 3543 669 3605 in
694 3542 815 3608 eadem
842 3542 925 3608 villa
947 3543 990 3607 de
1015 3543 1200 3627 Berewyk,

250 3651 477 3728 expectantes
493 3643 586 3724 regis
605 3641 803 3720 adventum,
820 3651 855 3708 et
871 3663 1007 3726 semper
1024 3644 1097 3708 suis
1120 3643 1200 3708 hos·

253 3745 345 3809 tibus
360 3743 404 3808 ad
421 3741 649 3807 resistendum
665 3743 790 3825 parati.

342 3971 349 4000 ¹
366 3963 461 4032 ‘quid‚'
474 3968 553 4020 MSS.
564 3966 629 4017 0011.
642 3967 724 4032 Arm„
735 3966 803 4020 Cott.
814 3969 882 4031 Tib„
893 3969 945 4016 aud
956 3967 1024 4018 sote
1036 3967 1116 4028 Vesp.
