3138 4988
407 434 473 498 296
776 451 987 498 CHRONIGON

251 611 386 702 {531231123
409 606 452 671 de
488 605 691 690 Warwyck,
724 616 760 672 et
802 606 960 692 sepultus
1008 607 1207 672 honorifice.
1267 605 1360 670 Ante

246 729 394 740 --“
411 714 557 771 mortem
580 707 718 789 planxit
737 705 904 789 Angliam
921 706 1155 783 vehementer,
1170 705 1360 788 praecinens

412 813 572 875 mortem.
608 805 789 871 Vexillum
812 807 923 872 erexit
948 820 1070 872 contra
1089 807 1249 872 comitem
1273 805 1363 869 Lan-

412 906 551 970 castriae
565 903 725 970 dominus
743 905 859 970 Adam
875 906 917 970 de
941 907 1115 972 Banaster
1140 925 1219 969 cum
1241 905 1362 971 multis

413 1007 620 1089 sequacibus
643 1006 729 1083 suis,
752 1006 932 1070 vindicans
958 1007 1025 1070 sibi
1047 1025 1088 1070 ac
1110 1023 1285 1089 occupans
1306 1013 1360 1069 to·

412 1113 489 1170 tum
498 1105 713 1192 Laneustriae
728 1107 940 1171 comitatum.
974 1104 1362 1183 Quoaudito‚doniinus

412 1223 541 1281 comeS,
567 1206 789 1286 congregatis
819 1204 1016 1269 hominibus
1035 1205 1120 1282 suis,
1138 1223 1217 1268 cum
1241 1205 1362 1286 paucis

413 1305 591 1368 domiuum
625 1303 741 1368 Adam
773 1323 848 1368 cum
881 1304 954 1369 suis
985 1304 1030 1368 do
1059 1311 1182 1386 campo
1217 1303 1364 1367 viriliter

414 1403 614 1486 ejecerunt:
640 1404 700 1485 qui
718 1404 855 1484 fugiens
871 1405 908 1468 in
922 1404 1072 1486 quadam
1090 1404 1248 1486 grangia,
1265 1411 1301 1467 et
1317 1403 1365 1466 ibi

415 1522 493 1566 cum
529 1521 597 1566 uno
631 1503 740 1567 milite
780 1503 921 1568 domino
967 1502 1124 1568 Henrico
1163 1523 1225 1586 por
1262 1505 1365 1567 unam
1553 1577 1554 1580 Ἴ

416 1603 646 1684 septimanam
664 1603 835 1685 integram
852 1603 1027 1668 latitabat.
1071 1603 1229 1668 Inventis
1248 1605 1364 1666 autern
1553 1607 1554 1688 t

417 1721 480 1784 per
502 1702 743 1784 exploratores
764 1703 894 1766 domini
918 1705 1065 1779 comitiS,
1081 1704 1185 1766 ambo
1204 1703 1367 1766 decollati

417 1808 508 1865 sunt.
566 1803 612 1866 Et
646 1803 822 1868 vindicato
856 1804 981 1868 comite
1013 1803 1056 1866 de
1097 1803 1253 1867 hostibus
1280 1803 1367 1876 suis,
1553 1811 1554 1818 ’

418 1910 510 1967 terra
528 1903 625 1968 siluit
641 1909 676 1966 et
693 1903 835 1984 quievit.
881 1931 883 1935 v

417 2109 481 2157 tobe
490 2109 659 2158 beheadedin
672 2113 774 2158 1312οη
785 2111 879 2159 Black·
905 2111 1010 2174 granted
1032 2128 1064 2162 on
1086 2113 1129 2161 the
1154 2114 1320 2174 capitulation
1343 2115 1375 2163 of

417 2179 467 2227 low
477 2179 543 2241 Hill,
551 2180 576 2226 in
588 2180 707 2230 violation
714 2180 744 2229 oi
751 2180 793 2229 the
804 2187 881 2230 ternis
905 2182 1081 2244 Scarborough
1092 2182 1188 2232 earne.
