3178 4992
269 651 361 694 novun
370 653 389 692 1.

269 704 297 742 Δ.
303 703 329 742 D.
341 703 398 743 1297.

263 757 407 770 Μ

259 801 336 842 Atisim
345 800 368 840 ot

258 851 367 892 secusne.

258 926 305 966 The
314 926 374 965 scota

259 979 292 1015 net
300 976 339 1015 nte
348 979 371 1015 to

259 1025 344 1066 ltittnn.

420 466 485 530 146
790 483 998 530 canonicos

466 639 694 722 Egredientes
710 639 851 705 tandem
868 638 965 704 Secti
978 639 1021 703 de
1035 639 1113 704 loeo
1127 639 1201 716 illo,
1218 640 1374 706 tetende-

422 745 502 803 runt
516 740 607 804 acies
629 759 711 804 suas
729 758 850 805 versus
872 739 1012 803 Novum
1029 738 1193 803 Castrum
1209 747 1372 822 exparte

422 839 546 902 boriali
573 839 616 902 de
641 838 752 922 Tyne,
768 848 803 903 et
823 858 901 902 cum
931 846 1046 902 essent
1071 858 1117 901 ex
1142 839 1304 921 opposito
1326 840 1368 903 il·

423 939 490 1002 lius
506 938 599 1002 villae
616 938 659 1002 de
675 939 808 1020 Ryton,
827 939 957 1018 egressi
978 944 1062 1002 sunt
1078 937 1144 1002 viri
1160 938 1298 1020 quidam
1326 959 1371 1004 ex

424 1037 544 1102 eadem
573 1037 655 1102 villa
685 1044 720 1101 et
745 1037 998 1102 maledicebant
1024 1037 1086 1112 eis,
1115 1056 1183 1101 non
1209 1039 1370 1103 timentes
1402 1067 1408 1076 ·

423 1155 483 1200 eos
514 1156 557 1201 eo
594 1137 687 1218 quod
726 1156 820 1219 aqua
853 1136 1150 1219 superabundaret
1187 1136 1222 1199 in
1256 1146 1370 1219 parte.

424 1235 582 1318 Moxque
606 1257 650 1300 ex
675 1236 789 1301 Sectis
812 1237 1021 1300 transierunt
1037 1235 1149 1310 multi,
1170 1241 1206 1298 et
1228 1237 1372 1302 eandem

423 1336 540 1400 villam
566 1336 788 1400 incendentes
815 1336 980 1400 continuo
1006 1335 1136 1398 reversi
1163 1342 1257 1413 sunt,
1280 1336 1371 1418 iugi·

423 1437 628 1517 cutibusque
654 1435 777 1500 incolis
796 1435 872 1519 jam
903 1435 1021 1499 statim
1053 1455 1172 1498 rumor
1203 1436 1370 1514 ascendit,

424 1534 652 1600 “Adveniunt
670 1535 802 1613 Scoti,'’
819 1535 995 1616 crevitque
1020 1533 1151 1598 clamor
1166 1541 1203 1598 et
1217 1535 1371 1600 ululatus

424 1653 540 1698 eornm
555 1654 617 1717 per
626 1635 839 1716 provinciam
849 1641 971 1710 totam,
987 1641 1023 1697 et
1032 1635 1196 1715 fugerunt
1207 1640 1242 1698 et
1253 1653 1372 1700 secum

424 1742 691 1816 asportaverunt
710 1736 801 1799 bona
823 1753 899 1810 sua,
926 1753 996 1798 non
1021 1733 1160 1815 quidem
1182 1734 1218 1797 in
1241 1735 1370 1816 gaudio

423 1833 535 1898 sedin
561 1833 665 1914 fletu3
688 1841 841 1899 necerat
856 1834 916 1915 qui
932 1833 1110 1896 resisteret
1125 1851 1187 1897 seu
1204 1834 1248 1898 ad
1266 1835 1370 1898 resis-

298 1999 301 2005 ,
424 1933 564 2004 tendum
581 1953 618 1997 se
638 1941 788 2016 pararet,
804 1933 871 1996 nisi
893 1932 1147 1996 Dunolmenses
1169 1941 1205 1996 et
1219 1933 1312 1997 cives
1328 1934 1371 1999 de

361 2051 364 2056 ·
425 2030 529 2097 Novo
556 2033 693 2099 Castro.
745 2033 823 2098 Viri
847 2032 938 2096 enim
964 2031 1109 2095 animosi
1133 2033 1193 2113 qni
1219 2033 1369 2099 erantin

422 2133 584 2214 praesidio
608 2133 704 2197 Novi
722 2132 838 2197 Castri
860 2139 1073 2213 paraverunt
1086 2149 1124 2194 se
1142 2131 1185 2194 ad
1203 2151 1368 2213 pugnam,

422 2233 637 2312 egredientes
659 2234 704 2296 ab
726 2234 822 2308 urbe,
841 2251 908 2294 non
936 2231 1039 2312 longe
1064 2239 1179 2295 tamen
1208 2251 1249 2295 eo
1277 2232 1369 2314 quod

421 2333 586 2413 perpauci
607 2331 745 2395 fuerant
759 2338 918 2413 respectu
945 2330 1144 2394 multorum.
1197 2328 1301 2407 Quod
1316 2331 1369 2394 vi·

421 2429 541 2494 dentes
557 2430 664 2507 Scoti,
679 2429 941 2496 declinaverunt
955 2430 999 2492 ab
1010 2431 1111 2506 urbe,
1127 2435 1161 2493 et
1176 2426 1369 2493 dividentes

419 2527 510 2592 inter
520 2548 557 2593 se
572 2529 684 2612 spolia
695 2529 855 2612 quaesita,
866 2528 1081 2593 tradiderunt
1091 2527 1370 2594 Galwalensibus

420 2635 538 2710 partes
554 2648 648 2705 suas,
664 2635 699 2692 et
715 2629 873 2693 abierunt
889 2629 925 2690 in
940 2627 1018 2692 loca
1033 2647 1109 2692 sua.

426 2883 429 2888 ·
472 2851 826 2936 Curbiobosesfcccruat
839 2851 974 2915 Praedos
989 2851 1025 2914 ia
1048 2849 1136 2914 Valle
1151 2851 1319 2916 Anuodiae.

258 3045 408 3086 utronea
470 3025 648 3090 Modicum
671 3031 752 3088 ante
775 3022 905 3089 Natale
930 3023 1084 3100 Domini,
1108 3022 1267 3086 dominus
1293 3022 1367 3086 Ro-

257 3097 370 3156 m¹¹“·⁸⁰
419 3125 538 3190 bertus
553 3126 596 3190 de
620 3124 762 3190 clifford
788 3143 867 3188 curn
889 3130 1028 3188 eentum
1053 3123 1196 3186 armatis
1216 3122 1368 3187 civitatis

267 3205 314 3287 ¹¹2.
333 3205 401 3235 Μ’
421 3233 457 3288 et
485 3224 673 3290 comitatus
699 3223 855 3300 Carlioli,
878 3229 914 3286 et
945 3239 1011 3285 xx.
1033 3222 1185 3286 millibus
1209 3220 1367 3302 peditum

421 3324 610 3389 electorum
648 3324 826 3404 ingressus
865 3329 919 3386 est
950 3320 1090 3385 Vallem
1125 3320 1296 3384 Anandiae
1329 3327 1369 3385 ut

421 3423 637 3504 praedaretur
654 3421 792 3485 ibidem.
839 3420 996 3503 Cumque
1020 3419 1227 3483 transissent
1242 3439 1370 3501 aquam

420 3521 464 3584 de
489 3519 679 3597 Sulewath‚
701 3539 783 3583 mox
806 3538 892 3584 voce
916 3519 1086 3602 praeconis
1115 3519 1370 3583 conclamatum

422 3625 476 3682 est
506 3626 545 3683 ut
577 3617 663 3681 nulli
695 3619 879 3700 quicquam
905 3619 988 3682 boni
1018 3618 1172 3682 facerent
1200 3618 1266 3681 nisi
1293 3627 1371 3682 tan·

421 3726 494 3782 tum
533 3717 671 3783 sibimet
700 3718 797 3799 ipsis.
866 3717 947 3796 Quo
980 3717 1112 3794 audito,
1142 3716 1256 3798 gavisi
1289 3725 1371 3782 sunt

420 3817 609 3900 pedestres,
631 3823 667 3881 et
689 3817 852 3882 continuo
875 3818 919 3881 ad
945 3817 1082 3899 praedas
1108 3815 1255 3900 dispersi
1277 3824 1370 3880 sunt.

420 3917 610 4000 Equestres
639 3935 721 3982 vero
746 3922 883 3980 maturo
909 3935 1031 3998 gressu
1056 3923 1310 3997 processerunt,
1335 3923 1370 3980 ct

419 4017 533 4082 simul.
581 4015 738 4099 Cumque
752 4017 930 4081 venissent
944 4017 980 4080 in
1003 4035 1101 4081 mora
1117 4015 1226 4099 juxta
1250 4015 1369 4079 Anan-

418 4115 522 4194 diam,
551 4136 630 4180 ecce
659 4115 783 4182 incolae
817 4115 972 4200 ejusdem
1006 4116 1194 4199 provinciae
1223 4114 1370 4179 adunati

417 4217 593 4280 venientes
617 4217 899 4300 improperabant
915 4216 976 4292 eis,
994 4223 1159 4282 vocantes
1184 4234 1244 4279 eos
1267 4233 1370 4278 canes
