3138 4988
417 477 486 542 324
786 487 998 535 cuuomcou

261 667 404 758 npsffipp
421 643 588 728 sapientis
610 642 782 725 exemplo,
804 643 862 724 qui
885 642 1064 704 materiam
1086 648 1197 704 morte
1220 641 1374 723 plenam,

261 769 408 840 Μ-
424 743 667 809 ‘currentem'¹
681 742 725 805 ad
740 749 856 824 partes
868 740 1020 821 corporis
1033 740 1175 803 ubivita
1185 759 1222 803 se
1238 740 1371 820 recipit,

264 849 398 938 5:233th
424 843 595 907 divertere
624 840 708 904 iacit
737 840 780 902 ad
808 840 972 913 membra,
1002 840 1038 901 in
1071 839 1195 919 quihus
1225 838 1370 902 materia

263 948 380 1041 {25:2¹2
426 942 545 1023 nequit
565 940 637 1002 sore
660 945 834 1022 suspecta,
863 955 941 1019 quae
966 938 1010 1000 ad
1037 938 1232 1019 proximum
1258 937 1374 1001 fuerat

263 1045 408 1137 fflffi‘h
425 1040 601 1104 interitum
618 1047 825 1119 praeparata.
877 1036 934 1099 Sic
951 1036 1115 1117 loquitur,
1126 1043 1245 1099 sancte
1260 1042 1372 1117 pater,

266 1144 417 1238 pappum
427 1140 477 1203 sic
509 1137 662 1218 loquitur
691 1142 832 1219 propter
856 1135 1117 1210 vehementiam,
1142 1135 1201 1216 qui
1236 1135 1272 1196 in
1298 1134 1371 1197 suis

348 1225 354 1236 ⁴
429 1237 561 1302 insidiis
583 1255 647 1298 nos
673 1235 825 1299 invenire
845 1234 1022 1316 quaerebat
1045 1235 1202 1296 incautos
1226 1245 1260 1296 et
1275 1233 1370 1314 peni-

429 1345 487 1400 tus
521 1336 721 1415 imparatos.
781 1331 848 1395 Sed
882 1332 1109 1414 proculdubio
1140 1332 1274 1395 cautius
1305 1331 1373 1394 t'uit

431 1435 542 1508 nohis,
574 1432 681 1514 juxta
717 1430 899 1494 militarem
938 1431 1126 1494 theoricam
1163 1431 1376 1505 edocentem,

430 1531 521 1614 quod
537 1538 639 1594 motae
653 1549 787 1610 guerrae
805 1530 991 1611 periculum
1007 1529 1085 1610 plus
1099 1529 1208 1592 evitat
1223 1530 1283 1610 qui
1297 1548 1375 1592 eam

430 1649 452 1694 a
466 1638 568 1693 terrae
581 1648 654 1692 suae
667 1628 774 1691 limite
787 1634 1057 1708 prosequestrat,
1068 1635 1188 1691 contra
1203 1629 1374 1691 notorium

430 1729 564 1792 hostem
588 1734 744 1790 nostrum
766 1745 830 1807 pro
859 1727 939 1809 jure
968 1734 1086 1789 nostro
1111 1745 1175 1789 nos
1201 1727 1375 1806 congredi,

425 1835 464 1890 et
481 1827 581 1891 terris
605 1833 785 1909 potentum
809 1825 1009 1907 potentibus
1037 1825 1199 1900 sociatos,
1216 1845 1320 1905 quam
1342 1826 1377 1886 in

431 1927 571 2009 propria
590 1943 737 2006 persona
762 1930 881 1987 nostra
901 1924 1005 1990 solos.
1059 1923 1094 1986 N
1096 1943 1139 1986 on
1162 1925 1268 2004 igitur
1284 1924 1376 2008 apud

433 2032 557 2088 vestrae
573 2025 707 2087 viscera
731 2022 973 2086 misericordiae
996 2029 1032 2085 et
1048 2022 1243 2086 sanctitatis
1260 2024 1375 2086 locum

430 2124 608 2187 inveniant
639 2121 891 2186 detrahentium
927 2120 1123 2184 informatio
1160 2122 1286 2184 aemula
1318 2123 1376 2186 vei

430 2222 570 2286 sinistra
584 2220 689 2297 iacta,
703 2220 747 2283 de
761 2220 832 2283 filio
846 2220 906 2302 qui
919 2239 1059 2283 snorum
1074 2219 1289 2284 haereditario
1298 2221 1380 2304 jure

430 2320 612 2404 majorum,
637 2321 673 2382 in
704 2325 894 2384 vestrorum
919 2319 1222 2400 praedecessorum,
1251 2328 1379 2395 vestra,

428 2427 466 2482 et
490 2417 800 2500 apostolicaesedis
824 2419 938 2499 gratia
963 2427 998 2482 et
1028 2417 1223 2482 obedientia
1246 2437 1380 2500 semper

428 2518 630 2580 inconcussa
647 2517 797 2598 perstitit
811 2523 846 2580 et
860 2517 1032 2599 persistet.
1065 2516 1188 2593 Immo,
1203 2518 1233 2581 si
1248 2519 1380 2596 quaevis

427 2614 473 2676 de
495 2613 567 2677 filio
587 2614 704 2677 taliter
726 2614 820 2677 sacta
845 2616 1022 2696 suggestio
1044 2615 1233 2697 pulsaverit
1252 2623 1379 2679 vestrae

430 2712 653 2776 beatitudinis
679 2712 826 2776 forsitan
850 2732 964 2792 aures,
994 2734 1064 2777 non
1090 2715 1184 2796 prius
1214 2734 1235 2776 a
1263 2724 1379 2778 vestra

429 2811 628 2891 dignatione
657 2820 778 2875 sancta
815 2813 1000 2876 credulitas
1041 2812 1092 2877 ilii
1133 2813 1244 2888 detur,
1274 2833 1378 2894 quam

430 2909 571 2974 auditus
601 2910 647 2973 sit
671 2910 762 2974 iilius
788 2911 848 2991 qui
880 2918 1053 2993 tangetur,
1082 2913 1141 2993 qui
1164 2912 1316 2987 confidit,
1343 2920 1380 2975 et

430 3007 660 3072 indesinenter
700 3008 859 3084 intendit,
898 3017 979 3073 ante
1018 3011 1215 3075 sanctitatis
1253 3018 1377 3074 vestrae

425 3107 596 3188 judicium
618 3109 712 3170 omni
737 3107 927 3189 praesidens
949 3116 1128 3185 creaturae,
1143 3111 1233 3191 quod
1251 3129 1379 3190 negare

378 3265 396 3288 g
429 3206 575 3270 haeresin
602 3213 655 3269 est
681 3208 839 3288 probare,
861 3206 994 3288 justam
1022 3207 1146 3283 dicere,
1172 3209 1225 3271 vei
1245 3209 1376 3290 justam

428 3304 542 3368 facere
574 3304 763 3386 quamlibet
789 3323 929 3368 causam
955 3325 1064 3370 suam.
1125 3306 1218 3371 Illud
1241 3308 1378 3370 demum

429 3402 587 3476 dicimus,
603 3404 646 3465 ad
672 3411 800 3466 nostrae
822 3405 1023 3467 intentionis
1050 3404 1259 3488 maj0risque
1274 3406 1378 3469 devo-

429 3501 534 3562 tionis
549 3501 756 3563 evidentiam
769 3502 1030 3584 subjungentes
1048 3505 1140 3585 quod
1150 3505 1179 3566 si
1197 3506 1243 3567 sit
1253 3504 1378 3585 aliquis

430 3596 473 3659 de
493 3598 590 3659 nohis
610 3597 739 3662 foedere
761 3606 894 3665 naturae
918 3599 1134 3690 conjunctae,
1152 3604 1319 3684 nobisque
1335 3604 1379 3667 ad

430 3702 584 3758 nostram
615 3695 847 3760 defensionem
877 3699 1073 3783 adjunctus,
1104 3701 1163 3782 qui
1197 3721 1258 3782 per
1288 3703 1378 3767 viam

428 3794 633 3856 obedientiae
652 3795 851 3875 apostolicae
869 3798 961 3861 sedis
981 3806 1103 3862 vestrae
1121 3819 1188 3863 non
1212 3802 1377 3878 ambulet,

426 3893 519 3958 sicut
547 3893 658 3970 debet,
682 3892 764 3956 darc
787 3894 1010 3977 intendimus
1033 3916 1136 3979 quam
1162 3919 1229 3961 non
1256 3919 1377 3980 parum

425 3993 561 4059 utiliter
572 3993 654 4054 dare
666 4011 768 4074 posse
780 3994 983 4064 confidimus
1001 3996 1377 4076 operamindesensam,

426 4097 467 4153 ut
482 4092 575 4153 omni
589 4091 731 4154 dimisso
749 4093 850 4155 devio
869 4093 912 4156 ad
928 4095 1017 4156 viam
1034 4095 1237 4159 obedientiae
1249 4096 1379 4172 redeat,

447 4237 454 4266 ¹
473 4239 661 4298 ‘crescentem’
673 4240 750 4289 MSS.
763 4240 829 4290 Coll.
839 4241 909 4292 Trin.
922 4241 954 4290 R.
967 4247 992 4302 ὁ,
1004 4246 1045 4302 10,
1057 4242 1108 4289 and
1120 4241 1188 4291 Gott.
1200 4243 1271 4291 Nero
1282 4243 1317 4293 D.
1328 4244 1356 4294 ii.
