3178 4992
400 508 465 573 134
767 518 978 567 canonicor«

252 700 382 790 {suffigi
401 680 680 755 consuetudines,
698 679 791 742 sicut
811 697 833 741 a
853 695 936 759 rege
959 676 1142 740 Scotorum
1163 677 1356 756 antiquitus

238 802 388 875 W
404 789 521 846 tenere
550 783 811 843 consueverant.
864 775 953 854 Quae
987 795 1065 839 cum
1095 774 1209 838 adhuc
1240 781 1357 837 essent

240 883 348 926 ⁸0⁰t¹¹¹¹l
404 879 525 961 ‘quasi
555 878 620 941 sub
652 875 785 940 certa'¹
824 894 885 957 spe
919 873 1140 938 concedenda
1172 874 1355 956 promissa,

241 949 378 1040 ἷῖιῗᾶιῖἔῗῖο
402 979 527 1042 iterum
546 984 582 1040 et
596 977 719 1040 iterum
736 973 1011 1056 multiplicantur
1030 973 1115 1050 dies,
1132 979 1168 1036 et
1183 973 1356 1035 variantia

242 1059 315 1100 Μ’
404 1095 539 1158 semper
554 1082 590 1139 et
612 1074 737 1139 frivola
753 1073 1002 1157 jungebantur,
1018 1067 1168 1154 eoquod
1185 1069 1244 1135 ille
1264 1070 1355 1133 latro

404 1174 603 1240 Willelmus
624 1172 771 1255 Walays
804 1171 942 1235 interim
971 1170 1138 1253 populum
1168 1169 1355 1233 adunabat.

406 1273 461 1337 Ad
482 1272 641 1336 ultimum
663 1290 757 1347 varo,
775 1289 853 1333 uum
875 1270 986 1333 nostri
1006 1275 1238 1350 proponerent
1261 1267 1357 1348 equi-

406 1381 482 1436 tare
497 1389 600 1452 super
615 1388 685 1444 eos,
702 1369 872 1433 timebant
886 1369 952 1431 sibi
965 1373 1147 1448 magnates
1162 1367 1356 1441 Scotorum,
1382 1379 1384 1381 ·

407 1476 443 1533 et
464 1470 703 1550 imposuerunt
720 1465 857 1548 culpam
879 1466 1046 1548 praedicto
1066 1465 1203 1529 domino
1221 1463 1358 1528 Willel-

408 1587 466 1631 mo
492 1568 629 1648 Duglas
653 1575 689 1630 et
713 1566 876 1647 episcopo
899 1563 1121 1646 (dlasguensi
1144 1565 1217 1647 qui,
1238 1569 1357 1627 notam

409 1666 561 1729 criminis
593 1661 806 1747 ‘impositi’2
837 1681 1004 1727 excusare
1035 1663 1203 1738 volentes,
1236 1667 1358 1744 sponte

409 1763 575 1828 dederunt
590 1783 639 1842 se,
657 1764 788 1845 ‘primo
804 1761 863 1826 ille
878 1761 1077 1827 willelmus
1094 1768 1130 1826 et
1149 1761 1253 1843 paulo
1279 1766 1359 1842 post

409 1863 485 1945 ipse
500 1861 659 1926 dominus
670 1857 899 1944 episcopus;'³
910 1869 945 1926 et
953 1861 1103 1926 traditus
1114 1866 1166 1923 est
1176 1860 1358 1941 episcopus

411 1963 476 2025 sub
495 1960 652 2026 custodia
671 1960 824 2024 custodis
844 1961 950 2024 castri
970 1959 1013 2023 de
1036 1957 1269 2039 Rokesburgh
1285 1957 1360 2020 viee

412 2067 447 2124 et
474 2060 611 2123 nomine
635 2059 727 2138 regis
752 2059 875 2134 nostri,
901 2059 976 2140 ipse
1000 2076 1083 2121 vero
1100 2056 1297 2121 Willelmus
1323 2056 1359 2117 in

411 2167 527 2222 castro
543 2158 586 2221 de
609 2155 779 2238 Berewyk
796 2153 930 2238 positus
946 2163 1011 2231 est,
1028 2162 1195 2232 retentus,
1213 2162 1248 2218 et
1262 2153 1360 2217 salvo

411 2256 615 2320 custoditus.
662 2253 765 2333 Quod
781 2273 859 2318 curn
877 2255 1031 2319 audisset
1043 2254 1104 2317 ille
1118 2254 1210 2318 latro
1224 2252 1359 2318 Willel·

413 2373 489 2418 mus
512 2354 672 2437 Walays,
698 2354 810 2416 iratus
834 2353 1127 2435 animoperrexit
1151 2351 1196 2414 ad
1221 2351 1360 2413 domum

413 2453 577 2535 episcopi,
601 2458 637 2514 et
658 2470 791 2516 omnem
814 2451 890 2534 ejus
912 2439 1174 2533 supellectilem,
1199 2468 1308 2524 arma,
1325 2455 1361 2511 et

414 2569 535 2631 equos,
566 2549 657 2614 filios
688 2549 793 2613 etiam
832 2549 985 2630 episcopi
1021 2556 1186 2630 nepotum
1224 2548 1361 2610 nomine

415 2653 648 2730 nuncupatos
692 2666 808 2710 secum
850 2646 1017 2726 adduxit3
1065 2654 1100 2709 et
1143 2654 1266 2710 auctus
1307 2651 1361 2708 est

415 2747 581 2810 immenso
597 2746 781 2810 Scotorum
798 2764 950 2820 numero,
969 2765 1010 2808 eo
1025 2744 1118 2826 quod
1133 2745 1361 2808 communitus

416 2853 520 2910 terrae
535 2843 749 2926 'sequebatur
763 2863 842 2907 eum
856 2850 1022 2924 tanquam
1040 2843 1163 2905 ducem
1183 2843 1219 2906 'et
1238 2843 1363 2923 princi·

417 2961 506 3025 pem.
552 2943 646 3008 Tota
666 2943 770 3006 etiam
795 2941 927 3005 familia
949 2947 1152 3022 magnatum
1165 2940 1364 3004 adhaerebat

418 3041 610 3117 sicilicet
629 3042 696 3124 ipsi
717 3047 898 3122 magnates
914 3059 993 3104 cunrv
1008 3059 1090 3122 rege
1112 3040 1233 3103 nostro
1250 3044 1365 3102 essent

417 3157 572 3222 corpore,
605 3159 665 3204 cor
696 3146 811 3204 tamen
846 3153 964 3202 eorum
993 3138 1096 3220 longe
1128 3146 1203 3202 erat
1234 3137 1279 3201 ab
1312 3155 1364 3200 eo.

420 3238 542 3303 Nostri
557 3255 640 3302 vero
658 3239 707 3302 sio
715 3237 859 3308 irritati,
872 3257 955 3301 cum
969 3235 1101 3300 nollent
1118 3236 1203 3300 talia
1220 3236 1366 3300 ulterius

418 3338 598 3413 sustinere,
621 3344 862 3418 processerunt
882 3336 1007 3400 armati
1028 3335 1071 3399 ad
1088 3336 1205 3401 villam
1220 3335 1263 3398 de
1280 3335 1367 3398 Stri-

420 3433 538 3516 velyn3
554 3435 614 3497 ubi
631 3434 843 3498 senescallus
860 3433 996 3512 Scotiae,
1012 3441 1047 3498 et
1063 3453 1179 3498 comes
1195 3435 1241 3497 de
1255 3433 1366 3496 Leue-

418 3550 502 3605 nax‚
532 3532 730 3613 etquidem
758 3531 818 3596 ulii
843 3541 1044 3613 magnatum
1068 3533 1195 3596 Scotiae
1228 3532 1365 3595 venien·

419 3634 473 3690 tes
489 3636 699 3708 rogaverunt
721 3637 858 3693 nostros
877 3639 917 3694 ut
938 3631 1050 3694 adbuc
1072 3632 1279 3694 sustinerent
1304 3647 1367 3709 per

419 3725 603 3802 modicum,
636 3729 665 3791 si
696 3727 784 3790 forte
813 3747 894 3791 suos
927 3737 963 3792 et
991 3729 1157 3811 populum
1186 3728 1367 3791 Scotorum

419 3824 607 3907 pacificare*
628 3833 770 3908 possent
792 3827 1044 3909 quoquomodo.
1097 3822 1200 3905 Quod
1223 3825 1367 3888 cumeis

420 3935 511 3988 esset
533 3943 742 4002 concessum,
763 3925 889 3990 iterato
914 3927 1104 4000 venientes,
1128 3931 1254 4007 quarto
1277 3923 1368 3986 scili·

456 4107 464 4136 ¹
482 4111 638 4173 ‘quassata’
649 4111 707 4161 MS.
720 4109 873 4171 Gottvesp.
941 4107 954 4138 ³
970 4110 1066 4172 ‘primo
1077 4109 1206 4160 Willelmo
1222 4109 1334 4171 Duglas‚
1345 4114 1371 4159 et

434 4247 435 4250 Ἴ
455 4178 465 4208 ²
479 4181 707 4244 ‘impositionem,'
728 4180 787 4229 MS.
813 4180 881 4230 Coti.
907 4180 1057 4241 paulopost
1073 4181 1211 4242 episcopus
1228 4174 1301 4241 ipse}
1312 4177 1371 4228 MS.

419 4249 497 4308 Vesp.
908 4249 975 4300 Cott.
988 4249 1067 4310 Vesp.
