3138 4988
419 489 590 542 wnu'l’ltltl
612 490 661 536 nu
682 489 968 542 uuutuouuuau.
1067 479 1151 546 1287

199 645 471 728 pravitateml
477 645 588 724 Item,
613 647 695 729 qula
723 665 828 728 super
853 648 965 730 primo
994 651 1147 718 'articulo
1168 671 1238 762 {ug
1239 672 1304 762 Ἐξ.

170 819 171 822 ¹
200 741 242 808 de
252 745 470 809 absolutione
481 746 708 830 impendenda
724 765 745 810 a
760 746 861 822 luico,
874 748 985 812 multi
989 749 1033 820 de
1045 751 1148 821 Tem.
1135 775 1309 846 τῇ»-

199 844 328 926 plariis
345 846 522 927 deponunt
543 846 773 924 contrarium,
788 843 954 925 diceutes,
973 851 1063 931 quod
1078 868 1200 917 ιιιοοοο
1162 908 1200 946 T
1202 868 1272 946 ⁰T¹m
1214 857 1292 905 ιοιοοι

201 963 348 1024 magnus
367 944 534 1026 magister
551 945 692 1023 ordinis,
710 965 773 1015 neo
788 946 914 1028 aliquis
932 948 1022 1018 alius
1040 951 1149 1020 laicus
1161 957 1227 1007 ⁹¹³¹·

147 1077 149 1080 ·
201 1050 334 1157 potest
335 1044 514 1110 absolvere
530 1044 667 1122 fratres,
676 1064 745 1118 nee
764 1046 1007 1128 poenitentiam
1025 1051 1074 1120 eis
1097 1053 1150 1119 in-

196 1143 345 1226 juugere
356 1163 420 1226 pro
433 1145 596 1226 peccatis.
625 1142 816 1222 Quaeritur,
828 1165 874 1216 uu
888 1145 1033 1218 istutum
1044 1149 1150 1234 depoe

202 1242 343 1320 sitiones
354 1243 481 1312 tollant
489 1244 545 1310 vol
560 1244 717 1308 minuant
731 1243 966 1327 depositiones
978 1247 1199 1318 aliorumts

202 1348 238 1404 et
253 1341 339 1418 dato
346 1343 440 1439 quod
455 1363 535 1420 non,
551 1363 596 1406 an
611 1343 659 1408 sit
677 1350 798 1418 contra
809 1344 901 1418 alios
916 1349 1149 1428 pronuntiatu.-

202 1439 298 1518 dum,
324 1449 360 1506 et
384 1461 571 1524 perquem
596 1441 761 1506 modum?
794 1450 830 1506 et
855 1443 976 1508 sinon
1002 1447 1053 1556 ιιι
1073 1468 1150 1530 pro·
1232 1523 1240 1539 T

203 1540 447 1617 nunciandum,
467 1541 550 1623 quid
576 1541 680 1604 fuerit
700 1541 918 1606 faciendum?
960 1523 1053 1609 Item
1073 1567 1150 1610 cum

201 1639 361 1703 dominus
385 1659 479 1732 papa
504 1641 540 1704 in
568 1641 640 1702 suis
668 1640 792 1707 literis
806 1641 1025 1752 Templarios
1054 1646 1151 1710 diffa-

202 1745 317 1802 matos
337 1746 374 1804 et
391 1739 559 1803 violenter
581 1746 761 1820 suspectos
779 1739 822 1802 do
840 1740 963 1805 haeresi
978 1763 1054 1808 esse
1073 1765 1151 1827 per·

203 1837 332 1916 hiboat,
347 1845 398 1910 et.
405 1839 551 1906 multos
559 1838 602 1901 de
628 1839 747 1902 ordine
765 1857 899 1920 magnae
919 1844 1150 1923 reputationis
1184 1887 1187 1893 ·

202 1937 296 2001 viros
325 1956 443 2014 eoram
468 1957 511 2012 so
537 1937 835 2010 etoardinaltnus
863 1958 904 2002 ao
930 1939 1007 2004 aliis
1032 1943 1151 2009 multis
1181 1989 1185 1995 -
1211 1975 1213 1982 ·

202 2042 331 2117 sponte¹
345 2036 382 2108 ιιι
399 2036 481 2120 jure
503 2035 680 2106 confessos
703 2036 811 2106 fuisse
836 2037 929 2119 quod
952 2039 989 2108 in
1003 2041 1147 2121 'profess

202 2135 305 2206 sione,
321 2155 387 2210 sua
415 2135 591 2208 Christum
614 2136 800 2216 abnegant,
820 2143 856 2200 et
876 2137 912 2204 in
934 2157 1149 2208 trucumsexa

202 2241 345 2316 spuunt,
361 2243 427 2301 eto.
481 2235 529 2298 Et
544 2255 606 2317 per
621 2253 684 2308 nos
702 2235 891 2306 examinati
905 2237 1053 2306 confessi
1068 2247 1150 2306 sunt

202 2353 241 2398 se
266 2334 406 2408 credere,
426 2335 530 2417 quod.
545 2334 634 2404 idem
656 2340 710 2406 est
731 2334 855 2406 modus
878 2336 1150 2418 recipiendtfra-

203 2441 274 2496 tres
287 2451 370 2504 suos
385 2440 420 2498 ot
436 2433 659 2515 professionis
674 2433 840 2504 faciendae
859 2435 998 2518 ubique.
1042 2435 1149 2514 Que-

201 2531 299 2609 ritur,
310 2541 427 2606 utrum
443 2533 500 2596 isti
517 2551 579 2614 per
592 2552 654 2596 nos
670 2532 860 2599 examinati
875 2527 1096 2604 vehementur
1107 2537 1149 2600 do

201 2631 326 2708 haeresi
352 2631 425 2698 sint
452 2632 614 2714 suspecti,
645 2631 732 2704 adeo
759 2638 810 2708 ut,
836 2632 902 2700 uisi
929 2633 1090 2716 legitimo
1110 2656 1149 2702 se

202 2732 438 2812 purgaverint,
449 2731 597 2794 debeant
610 2730 904 2808 anathematizari,
919 2733 972 2797 vol
984 2735 1014 2798 si
1030 2754 1052 2798 a
1061 2755 1148 2817 pun

200 2831 340 2910 gatione
366 2831 436 2894 sint
457 2830 593 2898 exclusi
615 2836 757 2920 proptor,
779 2833 1054 2913 praesumptionis
1075 2836 1148 2898 ιιο-1

201 2927 344 3000 lentiam
367 2935 498 3002 ‚contra
525 2930 646 3009 ipsosl
699 2928 746 2992 Et
775 2929 806 2991 si
835 2929 879 2992 ad
907 2932 1150 3018 purgationem

202 3027 339 3091 admitti
360 3026 528 3102 ,debeant¹
548 3045 610 3108 per
635 3045 723 3108 quas
749 3046 920 3118 personas.
940 3029 1081 3096 valeant
1111 3051 1149 3094 se

201 3128 391 3207 purgaret
423 3125 524 3200 Item,
540 3143 586 3191 ex
609 3144 687 3206 quo¹
703 3124 763 3191 alii
786 3126 886 3196 multi
909 3135 949 3194 ,ιι
969 3130 1087 3209 magni
1107 3131 1149 3195 do

201 3225 321 3289 ordino
342 3224 590 3307 professionem
614 3223 811 3294 haereticam
833 3233 919 3295 sunt·-
937 3228 1101 3304 confessi,
1114 3237 1149 3294 et

200 3323 260 3390 isti
277 3324 400 3389 nolunt
422 3323 751 3405 absquetormentis
765 3324 1012 3407 professionem
1029 3327 1150 3410 hujus,

201 3422 294 3487 modi
331 3423 501 3503 confiteri,
532 3423 712 3506 quaeritur,
741 3441 786 3491 aa
823 3423 902 3494 sint¹
928 3427 1149 3508 supponendi-

200 3522 449 3604 quaestionibus
479 3529 514 3587 et
549 3523 739 3598 tormentis,
767 3523 850 3592 lieet
879 3523 944 3590 hoc
975 3525 1018 3592 ιιιΙ
1039 3545 1150 3608 regno·

200 3620 340 3703 Angliee
358 3641 527 3704 nusquam
544 3622 657 3695 visum
672 3621 845 3690 fueritve}
870 3624 1049 3692 auditumt
1102 3626 1149 3690 Et

200 3720 230 3783 si
254 3721 438 3803 torquendi
460 3721 673 3796 siut,ut1·um
691 3741 753 3803 per
774 3721 918 3792 olericos
934 3723 990 3788 vel
1012 3724 1151 3788 laioosl

200 3819 247 3883 Et
270 3820 353 3887 dato
382 3820 475 3903 quod
500 3819 616 3886 nullus
631 3821 786 3892 ¹onmino
815 3828 926 3886 tortor
952 3821 1069 3888 valeat
1096 3823 1148 3887 in-

201 3918 310 3992 veniti
339 3919 376 3990 iu
401 3918 544 4000 Anglia,
567 3927 684 3982 utrum
708 3938 772 4001 pro
796 3922 985 3987 tortoribus
1012 3922 1150 3988 mitten·

197 4016 281 4081 dum
313 4018 360 4082 sit
393 4018 437 4085 ad
472 4025 589 4100 partos
621 4018 958 4094 transmutasset
995 4019 1152 4101 praelatis

199 4117 296 4181 nulla
321 4117 534 4198 negligentia
554 4115 671 4186 valeat
696 4115 886 4198 imputari?
939 4117 1029 4182 Item
1056 4137 1150 4200 quae«

200 4217 299 4291 nitur,
322 4235 367 4280 an
394 4203 499 4298 super
523 4215 613 4292 istis,
631 4215 694 4278 ¹vel
716 4234 836 4281 eorum
858 4215 1041 4297 aliquibus
1070 4223 1151 4282 antu
