3144 4990
405 459 471 524 412
628 503 630 508 -
772 471 983 525 onaornoou

243 652 296 692 ιιι
299 652 337 692 aa
350 652 393 694 111
406 630 484 712 capi
517 637 553 694 et
587 627 750 693 amestari
781 635 816 692 et
844 626 881 690 iu
910 628 1060 708 prisonis
1096 627 1223 690 nostris
1255 626 1359 696 salvo,

242 703 392 768 Q
406 729 572 795 custodiri
601 729 722 803 facias,
743 727 857 792 donec
883 726 979 790 aliud
1005 726 1085 796 inde
1112 726 1356 809 praecepimus,

406 837 473 894 etc.
522 827 638 907 Teste,
654 825 745 891 etc.’'

408 1049 554 1126 Qualiter
565 1051 663 1136 Papo
676 1049 802 1136 scripsit
813 1050 901 1136 naas,
918 1020 994 1136 quio
1009 1047 1153 1116 Nuntios
1165 1051 1211 1116 od
1223 1050 1357 1118 Οιινιαιιι

794 1169 855 1215 non
871 1150 969 1216 misit.

243 1367 271 1406 Α
279 1366 306 1405 1,
318 1367 378 1406 m,
456 1320 616 1386 Clemens
641 1322 834 1434 episcopus,
851 1329 932 1398 etc,
955 1320 1132 1386 carissimo
1155 1321 1192 1385 iu
1213 1321 1355 1387 Christo

243 1433 393 1524 3211qu
405 1419 476 1483 fiho
520 1419 692 1485 Eduardo
730 1421 804 1502 regi
843 1418 994 1502 Angliae,
1025 1428 1111 1485 etc·
1151 1420 1353 1486 Serenitatis

243 1536 280 1570 tou
281 1533 331 1572 enti
317 1535 394 1582 nath·
382 1524 475 1582 etuae
516 1519 621 1600 regite
660 1519 793 1595 literas,
837 1521 936 1584 nobis
977 1538 1039 1602 per
1079 1519 1223 1583 dilectos
1262 1519 1354 1586 filins

243 1583 367 1672 &fue-¹⁸¹¹
408 1616 615 1681 Michaelem
656 1617 698 1681 de
736 1616 965 1699 Nortbburgh
1001 1619 1205 1682 canonicum
1249 1617 1354 1682 Lich-

407 1715 605 1793 seldensem,
621 1724 658 1780 et
673 1715 822 1779 nobilem
837 1717 949 1780 virum
972 1715 1150 1798 Nigellum
1165 1717 1208 1780 de
1221 1716 1356 1800 Loring

407 1814 564 1892 militem,
591 1816 733 1880 nuncios
763 1815 890 1896 regios,
919 1805 1156 1897 praesentatas,
1181 1835 1244 1898 per
1266 1835 1353 1897 quas

407 1914 497 1976 inter
522 1919 649 1998 caetera
680 1921 727 1991 te,
756 1913 807 1976 fili
839 1913 1028 1991 carissime,
1053 1916 1246 1978 excusabas
1272 1915 1353 1996 qnia

407 2011 552 2075 dilectos
577 2011 668 2075 filios
696 2010 827 2076 nobiles
854 2012 948 2076 viros
975 2011 1166 2080 Henricum
1188 2013 1231 2076 de
1260 2012 1353 2076 Lan·

407 2111 536 2173 cestria
566 2110 726 2174 comitem
759 2110 892 2193 Derby,
921 2119 957 2175 et
987 2111 1281 2177 Bartholnmaeum
1310 2111 1355 2175 de

408 2208 623 2289 Burgbarsh,
640 2216 742 2290 prout
766 2208 854 2271 alias
882 2209 1078 2272 ordinatum
1103 2211 1281 2287 extiterat,
1306 2210 1354 2273 ad·

408 2304 561 2370 nostram
587 2308 808 2390 praesentiam
839 2325 908 2370 non
938 2308 1111 2384 mittebas,
1140 2309 1355 2389 benignitate
1418 2313 1421 2318 '

407 2407 598 2488 recepimus
623 2412 810 2485 consueta;
834 2413 869 2470 et
896 2405 1083 2469 intellectis
1114 2407 1250 2489 plenius
1275 2423 1355 2489 quae

408 2505 674 2574 continebantur
703 2505 740 2567 in
767 2505 828 2580 eis,
854 2512 890 2568 et
920 2504 1002 2580 illis,
1027 2504 1247 2568 nihilominus
1273 2525 1352 2588 quae

407 2602 563 2684 praedicti
583 2601 709 2680 nuncii,
723 2603 951 2684 praesentibus
967 2602 1222 2667 venerabilibus
1246 2603 1355 2668 fratre

407 2707 526 2765 uestro
543 2700 719 2766 Willelmo
738 2701 910 2784 episcopo·
927 2700 1155 2778 Norwicensi,
1170 2710 1206 2764 ct
1224 2700 1352 2768 dilecto

407 2799 479 2862 filio
493 2801 659 2882 magistro
674 2799 698 2864 J
699 2800 835 2864 ohanne
854 2801 897 2864 de
912 2798 1031 2864 Offord
1052 2800 1183 2863 decano
1199 2799 1353 2864 ecolesiae

409 2896 669 2976 Lincolniensis,
684 2901 783 2963 nobis
805 2909 909 2982 super
932 2898 1046 2962 causis
1068 2919 1146 2980 quae
1171 2908 1207 2963 te
1229 2899 1272 2963 ad
1295 2899 1351 2963 de·

407 2998 597 3062 sistendum
617 3018 640 3062 a
661 2999 822 3062 missione
842 2998 1045 3061 nunciorum
1064 2999 1351 3080 ipsorummove-

407 3097 501 3172 baut,
530 3117 575 3162 ex
600 3106 699 3180 parte
724 3104 794 3161 tuae
820 3094 1034 3161 celsitudinis
1056 3105 1227 3177 exponere
1252 3116 1351 3161 cura-

408 3203 545 3272 verunt,
571 3198 658 3260 satis
684 3197 727 3261 de
754 3195 856 3278 hujus
887 3194 939 3259 tui
969 3197 1159 3261 mutatione
1184 3197 1351 3279 propositi

407 3293 534 3361 fuimus
560 3294 732 3372 admirati,
753 3294 1008 3359 considerantes
1031 3313 1153 3358 causas
1178 3295 1271 3376 ipsas
1291 3315 1353 3377 per

407 3393 590 3474 praedictos
613 3395 758 3459 nuncios
788 3393 978 3475 expositas,
1009 3413 1078 3457 non
1108 3393 1161 3456 sic
1189 3395 1351 3470 existere,

408 3491 439 3552 si
454 3491 491 3554 ιιι
507 3491 598 3554 libra
608 3493 694 3556 recti
707 3491 922 3555 deducantur
932 3490 1067 3574 judicii,
1083 3490 1249 3567 efficaces,
1260 3493 1352 3573 quod

408 3588 551 3652 attentis
574 3589 641 3652 hiis
669 3607 759 3669 quae,
784 3597 824 3653 ut
852 3589 980 3670 regalis
1010 3591 1109 3655 novit
1133 3589 1352 3669 excellentia,

409 3691 560 3749 tractata
582 3684 719 3749 fuerant
744 3703 765 3750 a
791 3687 897 3769 priori
921 3686 1087 3751 laudabili
1116 3689 1295 3769 proposito
1318 3696 1355 3753 te

408 3783 582 3847 retrabere
601 3784 810 3848 debuissent.
864 3784 1038 3858 Profecto,
1053 3784 1103 3849 fili
1120 3785 1353 3864 dilectissime,

408 3890 539 3963 quanto
566 3883 677 3959 nobis,
700 3884 761 3964 qui
788 3883 880 3964 regis
908 3882 1042 3966 pacifici
1068 3884 1161 3948 vices
1190 3885 1352 3951 interris

392 3979 489 4046 licet
526 3981 687 4046 immeriti
728 3982 891 4063 gerimus,
932 3975 1023 4046 inter
1056 3989 1199 4047 cunctos
1235 3984 1353 4049 fideles

405 4079 497 4142 omni
535 4085 688 4161 tempore
730 4080 832 4144 debet
866 4080 1016 4146 existere
1051 4101 1123 4164 pax
1159 4090 1353 4165 acceptata,

405 4179 502 4241 tanto
518 4197 537 4240 e
553 4178 725 4243 contrario
748 4177 920 4242 discordia
941 4180 1031 4244 inter
1055 4180 1144 4258 illos,
1163 4183 1351 4263 praesertim
