3144 4990
381 459 448 524 366
755 475 963 523 onnomcon

220 648 313 737 Ἦ
316 647 370 738 ³{1¹1
363 631 440 696 Ob
457 628 704 742 quorundam
694 649 836 712 msuper
849 631 948 695 vobis
966 629 1264 696 ministrantium‘
1276 632 1332 694 in

220 782 267 822 m
276 783 343 822 m
221 727 567 794 ——ertiam’1
557 729 714 810 miquum
731 730 835 792 etiam
845 731 953 793 vestri
968 729 1163 794 absentia
1136 749 1209 794 sive
1219 729 1329 794 famu·

220 832 329 882 ΝΜ
383 829 505 905 latum,
522 829 640 892 villam
656 827 911 892 Tornacensem
926 829 1014 892 alios
1033 847 1166 892 necnon
1182 827 1330 893 honores

218 879 370 1030 Q&
383 927 666 1010 quamplurimos,
676 926 833 990 amisisse
843 946 907 990 nos
917 935 1077 992 asserunt
1087 935 1124 992 et
1137 927 1328 1008 imponunt,

381 1027 510 1103 uelitis,
538 1027 685 1101 domine,
712 1026 742 1089 si
767 1026 915 1107 placeat,
938 1026 1113 1107 praelatos,
1136 1032 1330 1106 magnates,

383 1134 554 1207 terraeque
574 1125 718 1200 nobiles,
746 1124 805 1187 ubi
827 1143 904 1188 cum
929 1125 1084 1204 praelatis
1106 1142 1226 1188 secure
1249 1143 1328 1188 con-

382 1225 499 1287 venire
514 1224 703 1306 poterimus
727 1223 803 1287 loco
824 1222 1032 1303 competenti
1053 1242 1276 1304 congregare,
1293 1230 1329 1288 et

382 1322 420 1387 in
449 1341 595 1404 quorum
628 1322 787 1385 manibus
824 1322 868 1386 ab
899 1322 998 1387 initio
1024 1341 1158 1402 guerrae
1190 1327 1326 1398 vestrae,

382 1421 484 1497 lanae,
508 1420 649 1496 denarii,
665 1426 701 1483 et
724 1420 795 1482 alia
816 1439 975 1502 quaeque,
996 1438 1106 1501 usque
1130 1421 1167 1484 in
1192 1419 1327 1484 hodier-

382 1539 465 1582 num
490 1519 581 1582 diem
598 1519 695 1582 vobis
723 1537 900 1595 concessa,
918 1517 1143 1595 devenerunt,
1160 1518 1326 1600 qualiter-

382 1637 449 1698 que
465 1618 660 1680 ministrata
674 1617 825 1692 suerunt,
840 1636 902 1698 per
925 1637 1140 1699 quorumque
1156 1617 1326 1682 defectum

382 1716 611 1780 Tornacensis
650 1716 774 1780 ciuitas
816 1735 884 1780 ιιοιι
919 1717 1075 1792 subacta,
1109 1715 1169 1780 sed
1210 1716 1346 1780 taliter.

381 1815 547 1879 extiterat
572 1815 725 1891 dimissa,
747 1813 930 1894 diligenter
956 1815 1140 1895 inquirere,
1161 1822 1208 1893 et,
1231 1815 1327 1880 uelut

380 1913 539 1977 dominus
554 1932 675 1995 aequus
694 1919 729 1976 et
747 1912 877 1994 justus,
894 1913 1082 1976 secundum
1099 1914 1194 1993 leges
1211 1921 1325 1989 terroe,

380 2021 485 2094 prout
513 2012 680 2076 demerita
705 2012 894 2092 exegerint,
922 2011 1113 2092 culpabiles
1140 2012 1325 2092 castigare.

381 2111 428 2176 Et
458 2119 627 2193 quantum
655 2129 719 2174 nos
753 2111 892 2184 attinet,
915 2109 1049 2192 judicio
1078 2111 1213 2191 parium
1244 2129 1325 2175 nos-

381 2215 526 2286 trorum,
552 2215 683 2273 sanctae
707 2208 865 2272 ecclesiae
887 2213 983 2271 statu
997 2227 1038 2274 ac
1054 2208 1172 2274 ordine
1193 2215 1325 2285 nostro,

381 2307 469 2372 elias
496 2309 587 2373 sicut
615 2326 709 2389 saepe
741 2307 942 2390 scripsimus
976 2325 1112 2387 semper
1138 2307 1255 2379 salvis,
1289 2308 1326 2372 in

380 2408 536 2472 omnibus
551 2425 615 2470 nos
632 2406 833 2468 submittere
844 2404 958 2486 parati
975 2423 1104 2470 sumus.
1156 2406 1212 2470 De
1228 2405 1327 2472 nobis

379 2507 511 2589 itaque,
526 2524 589 2568 nec
607 2504 685 2568 aliis
700 2510 802 2566 terrae
820 2512 945 2568 vestrae
967 2502 1125 2568 fidelibus
1140 2523 1181 2570 ac
1198 2503 1325 2586 probis,

380 2605 581 2685 priusquam
597 2603 725 2666 veritas
751 2609 990 2682 cognoscatur,
1006 2601 1074 2668 uisi
1098 2604 1226 2669 bonum
1253 2621 1326 2669 cre-

380 2701 460 2765 dere
473 2720 536 2765 uec
552 2700 757 2782 cujusquam
772 2701 872 2764 dictis
886 2701 987 2765 fidem
1000 2700 1175 2777 adhibere,
1187 2701 1325 2777 ,velitisz

380 2801 411 2862 si
453 2801 546 2862 euim
590 2805 710 2880 gentes
752 2799 826 2862 sine
862 2817 1040 2880 responso,
1076 2801 1224 2868 veritate
1264 2819 1326 2864 nee

380 2899 512 2980 agnita,
534 2898 735 2980 punientur,
749 2898 792 2960 de
811 2897 911 2962 bonis
930 2904 970 2960 et
995 2897 1105 2974 malis,
1120 2899 1190 2963 reis
1214 2905 1249 2966 et
1269 2899 1325 2964 in·

380 2997 549 3074 sentibus,
576 3017 686 3060 umun
706 2996 875 3079 judicium
906 2995 995 3060 foret
1023 3003 1059 3062 et
1088 2996 1188 3062 idem.
1254 2996 1326 3062 I-ni·

380 3096 488 3161 mices
526 3097 666 3177 insuper
698 3094 825 3160 Galliae
860 3102 895 3160 et
932 3094 1059 3164 Scotiae
1096 3095 1183 3162 adeo
1218 3095 1326 3162 fortes

379 3196 547 3260 attentius
560 3203 764 3277 matureque
781 3193 1001 3258 considerare
1014 3195 1167 3274 curetis;
1190 3195 1221 3258 si
1235 3195 1326 3261 enim

379 3295 528 3374 praelati,
557 3299 752 3376 magnates,
779 3312 820 3356 ac
846 3293 954 3358 totius
983 3299 1085 3358 terrae
1112 3299 1237 3358 restrae
1268 3311 1324 3356 sa·

378 3393 524 3473 pientes,
547 3393 602 3456 die
625 3400 794 3473 nocteque
821 3391 895 3457 sine
918 3392 1086 3458 divisione
1114 3412 1175 3460 seu
1202 3392 1325 3458 discre-

378 3492 518 3572 patione
537 3509 606 3554 una
622 3490 803 3555 voluntate
820 3488 934 3556 forent
950 3509 1102 3571 congrua
1127 3499 1163 3561 et
1180 3509 1325 3557 assensu

376 3589 519 3668 negotia
534 3595 663 3664 vestra,
684 3607 792 3670 supra
815 3588 955 3654 modum
977 3589 1098 3665 ardua,
1111 3590 1260 3655 discrete
1284 3609 1325 3655 ac

373 3687 627 3768 circumspecte
659 3687 851 3764 ordinandi,
879 3707 1039 3768 guerram
1067 3694 1219 3754 vestram
1249 3688 1324 3770 jam

376 3785 561 3866 inceptam,
574 3785 737 3850 honorem
748 3793 901 3849 vestrum
915 3795 1083 3868 terraeque
1098 3787 1324 3852 salvationem

376 3885 615 3960 conservandi,
633 3885 719 3948 satis
736 3885 907 3948 modicum
924 3885 997 3950 fore
1012 3886 1195 3952 videretur.
1249 3884 1326 3952 Nee

375 3985 473 4048 vobis
495 3985 690 4066 displiceat,
706 3984 844 4048 domine
865 3983 1062 4061 reverende,
1083 3985 1177 4066 quod
1196 3985 1325 4050 verita·

411 4141 418 4170 ¹
438 4142 569 4191 Amended
580 4143 643 4190 lrom
652 4142 710 4192 MS.
721 4143 794 4191 Harl.
802 4145 849 4190 655
860 4157 867 4201 ;
884 4141 928 4189 ‘in
939 4143 1065 4205 ecclesia,'
1077 4143 1152 4193 MSS.
1162 4143 1226 4192 Coll.
1237 4141 1327 4204 Magd.

374 4211 425 4258 end
438 4211 505 4261 Cott.
519 4213 600 4272 Nero,
611 4212 646 4260 D.
659 4213 688 4259 ii.
