3138 4988
389 506 560 554 warram
584 507 631 552 nu
654 505 935 556 nnnrucsunca.
1066 491 1136 556 *ΖΠ

183 661 365 725 ordinandi
381 663 424 727 ad
440 663 601 739 honorem
617 663 685 727 Dei
699 665 735 730 et
750 663 904 727 ccclesiae
919 670 1131 727 suaesanctae
1152 679 1244 722 meur
1254 679 1284 718 11.

183 759 226 822 de
253 768 345 824 statu
372 783 447 840 suo,
475 762 629 846 hospitii,
654 770 689 826 et
717 764 815 845 regni
839 763 905 828 sui.
956 730 1283 851 Deditquegffl

183 858 272 928 diem
299 880 410 944 usque
439 862 488 926 ad
512 862 785 926 lestumSancti
816 860 1016 938 MichaeliS,
1039 877 1075 927 et
1100 863 1131 926 si
1142 863 1295 949 ΜΨ·

182 959 345 1038 perficere
362 981 431 1026 non
452 969 595 1044 possent
613 962 705 1044 quod
727 961 854 1026 vellent
875 961 911 1025 in
927 963 1042 1043 spatio
1058 969 1131 1028 tam

182 1058 291 1136 brevi,
315 1074 337 1125 a
363 1061 418 1124 die
446 1062 614 1144 praedicta
645 1079 755 1143 usque
785 1061 829 1126 ad
859 1059 984 1124 festum
1012 1060 1131 1126 Sancti

182 1156 365 1228 Michaelis
382 1160 463 1224 anni
480 1161 677 1242 sequentis;
700 1161 906 1242 promittens
931 1179 969 1224 se
985 1159 1131 1224 fideliter

182 1256 1132 1340 observaturumquicquid,auctoreDomino,statuendo

182 1356 389 1426 ordinarent.
451 1359 498 1422 Et
526 1359 555 1422 si
586 1359 802 1440 contingeret
832 1358 945 1428 medio
974 1365 1129 1441 tempore

180 1473 226 1521 ox
242 1456 310 1520 illis
325 1457 505 1524 duodecim
520 1457 670 1540 aliquem
692 1459 727 1520 in
749 1457 822 1522 fata
844 1457 1020 1534 decedere,
1036 1457 1128 1539 quod

183 1555 301 1622 statim
335 1557 424 1620 alius
452 1556 604 1641 ejusdem
644 1557 850 1621 conditionis
880 1576 941 1639 per
972 1556 1128 1622 residuos

181 1654 337 1718 undecim
353 1655 544 1738 'eligeretur
560 1663 595 1722 et
615 1657 691 1721 loco
712 1676 775 1720 suo
797 1655 1008 1738 poneretur.¹
1054 1656 1127 1738 lpsi

181 1767 263 1822 vero
286 1761 494 1836 potestatem
517 1755 621 1820 talem
638 1757 767 1838 adepti,
784 1763 818 1838 et
836 1776 898 1837 per
919 1762 1031 1820 certas
1049 1775 1125 1837 per*

180 1869 285 1920 sonas
320 1854 433 1931 electi,
455 1863 688 1918 convenerunt
712 1855 897 1935 Londoniis
928 1863 963 1918 et
990 1854 1125 1917 ordina«

180 1957 304 2021 ¹verunt
319 1953 440 2031 multa,
457 1960 560 2036 prout
577 1954 718 2017 inferius
735 1955 869 2037 patebit
884 1973 946 2017 suo
964 1954 1050 2017 loco.
1090 1980 1092 1986 ¹

453 2285 454 2290 ἵ
510 2204 641 2267 Fractis
661 2203 799 2288 Tralleis.
857 2181 864 2192 ¹

181 2394 184 2399 ·
230 2365 373 2429 Interim
388 2366 508 2432 fractis
524 2369 654 2450 treugis
668 2387 712 2432 ex
728 2375 828 2451 parte
841 2360 1034 2442 Scotorum,
1047 2385 1124 2429 curn
1138 2383 1184 2422 rue
1193 2383 1252 2432 xus

1138 2444 1235 2482 prepares
1244 2440 1265 2473 to

179 2465 289 2528 multa
305 2467 397 2530 mala
413 2467 585 2545 fecissent,
603 2467 829 2549 congregavit
851 2485 914 2530 rex
935 2466 1123 2530 exercitum
1138 2483 1216 2522 aaa

179 2564 357 2644 grandem,
371 2574 406 2631 et
422 2586 520 2631 omne
546 2569 724 2631 servitium
746 2586 846 2630 suum
863 2566 1012 2630 militare
1029 2579 1125 2629 man·
1138 2534 1243 2574 mm

178 2663 276 2727 davit
297 2672 337 2730 ut
362 2667 416 2729 die
440 2655 697 2748 Assumptionis
721 2668 834 2730 beatae
859 2666 982 2729 Mariae
1009 2673 1125 2729 essent
1138 2681 1236 2730 Aur-1⁵·

177 2781 254 2825 cum
270 2765 367 2846 equis
385 2759 420 2828 et
437 2760 542 2829 armis
557 2767 648 2848 apud
664 2765 804 2829 Novum
820 2764 982 2828 Castrum
999 2765 1123 2847 parati.

180 2861 427 2946 Veneruntque
442 2885 519 2927 cum
532 2885 613 2946 rege
623 2885 737 2928 comes
753 2857 996 2940 Gloucestriae,
1008 2883 1122 2927 comes

179 2957 374 3042 Warennae,
407 2972 441 3027 et
466 2983 580 3027 comes
611 2963 793 3027 Cornubioe
823 2981 924 3044 quem
959 2962 1003 3024 de
1033 2981 1125 3025 novo

178 3069 368 3138 creaverat,
386 3062 737 3126 dominus-Henricus
760 3061 802 3124 de
826 3060 949 3142 Percy,
967 3060 1124 3122 dominus

176 3159 200 3222 J
204 3162 332 3223 acobus
347 3160 389 3224 de
401 3160 566 3244 Clyfford,
582 3160 730 3224 etmulti
746 3161 806 3223 alii
821 3161 967 3222 barones
980 3164 1015 3237 et
1030 3177 1124 3238 mag-

177 3267 285 3323 nates.
339 3259 464 3324 Comes
480 3279 561 3323 vero
580 3260 781 3335 Lincolniae,
798 3279 899 3341 quem
922 3255 1125 3340 praefecerat

176 3377 240 3421 rex
253 3361 429 3424 custodem
441 3359 547 3423 totius
559 3358 696 3441 Angliae
711 3359 746 3421 in
756 3357 913 3421 absentia
925 3376 999 3432 sua,
1011 3375 1125 3419 comes

178 3457 425 3539 Langcestriae,
441 3478 556 3522 comes
572 3459 614 3522 de
638 3457 813 3537 Penbrok,
831 3475 947 3521 comes
963 3456 1005 3518 de
1022 3453 1124 3518 War-

176 3557 265 3620 wick
293 3567 328 3621 et
357 3578 470 3623 comes
498 3559 541 3622 de
571 3558 758 3634 Hereford,
780 3576 850 3620 non
874 3555 1012 3619 iverunt
1045 3573 1123 3618 cum

212 3845 219 3875 ¹
234 3844 289 3892 The
300 3845 384 3894 words
395 3842 424 3891 os
437 3842 482 3892 the'
497 3847 585 3904 patent
595 3843 638 3890 are
664 3840 724 3892 God
742 3840 824 3890 forbid
834 3840 844 3888 l
864 3853 896 3887 so
911 3853 940 3886 as
958 3837 1018 3896 they
1036 3839 1127 3884 cannot

175 3919 201 3962 to
212 3913 263 3962 this
272 3914 361 3962 effect:
378 3913 462 3961 “And
471 3914 494 3960 is
501 3912 639 3973 peradven-
663 3911 760 3972 perfect
771 3911 813 3958 the
830 3908 887 3957 said
898 3907 1055 3966 ordinances,
1066 3904 1128 3952 then

175 3989 231 4032 ture
253 3984 274 4030 it
296 3983 362 4032 shall
383 3983 485 4044 happen
506 3982 561 4029 that
583 3985 640 4041 part
664 3981 684 4027 it
696 3979 761 4027 shall
772 3981 803 4027 be
817 3977 908 4026 lawt'ul
919 3976 957 4022 for
969 3974 1032 4022 such
1043 3989 1072 4022 as
1084 3987 1126 4021 are

168 4053 204 4102 ‘of
218 4052 289 4110 those
302 4053 361 4100 who
376 4049 441 4100 shall
458 4052 490 4099 be
505 4049 598 4098 chosen
614 4055 640 4097 to
664 4052 766 4109 present
776 4053 801 4095 to
810 4045 918 4106 proceed
926 4045 960 4104 by
968 4043 1128 4104 themselves,

175 4123 250 4170 make
268 4119 310 4170 the
330 4121 386 4171 said
406 4121 555 4169 ordinances
574 4119 639 4167 shall
665 4131 693 4166 or
704 4117 754 4166 call
768 4116 831 4166 such
844 4114 915 4162 other
925 4117 951 4161 to
963 4112 1027 4160 their
1039 4112 1127 4160 assist-

175 4195 206 4242 be
226 4191 348 4241 hindered
365 4192 400 4251 by
412 4190 499 4250 death,
516 4189 640 4250 sickness,
666 4201 728 4235 auce
749 4201 778 4234 as
800 4184 866 4234 shall
887 4185 919 4232 he
941 4187 1006 4230 most
1024 4181 1063 4230 for
1085 4181 1127 4228 the
1191 4233 1193 4239 ¹

173 4278 201 4310 or
212 4263 284 4311 other
293 4261 443 4322 reasonable
456 4273 543 4320 cause,
555 4257 639 4308 which
666 4257 763 4304 honour
774 4255 802 4304 of
810 4253 867 4326 us,''
879 4254 925 4306 &a
1014 4293 1017 4298 .
