3138 4988
392 477 462 552 356
762 497 973 549 canonicus

231 675 384 768 maffia
394 676 474 738 quse
486 655 562 740 Ays
579 656 705 722 dicitur
719 657 776 721 die
791 657 940 721 Veneris
956 657 991 720 in
1007 655 1128 737 vigilia
1145 651 1263 718 Sancti
1280 649 1304 718 J
1307 648 1349 716 ό··“

396 753 1347 931 lablltlzt,ababliillitati

396 954 653 1018 balistariorum
682 953 902 1018 multitudine
924 955 1054 1036 optime
1075 952 1228 1027 munitis,
1246 950 1346 1032 quasi

397 1054 432 1116 in
464 1054 554 1117 ostio
581 1052 679 1117 fluvii
708 1052 752 1116 de
787 1053 911 1116 Sclusa
934 1053 1161 1128 decurrentis
1185 1050 1229 1112 ad
1252 1067 1348 1112 mare

236 1174 351 1214 uuum·
398 1171 437 1215 se
451 1160 662 1217 statuerunt.
697 1152 766 1215 Die
781 1160 898 1216 autem
913 1150 1106 1216 Sabbatiin
1122 1150 1210 1214 festo
1226 1147 1346 1212 Sancti

235 1225 380 1323 iiiiiim
398 1251 571 1315 Iohannis
595 1251 779 1334 Baptistae,
795 1259 873 1315 urto
888 1250 949 1313 vix
968 1250 1053 1325 sole,
1076 1249 1164 1312 velis
1181 1247 1348 1328 depositis

237 1324 350 1414 iiiiii?
398 1358 549 1432 quatuor
574 1350 666 1413 acies
688 1350 842 1426 navales,
864 1347 1037 1429 colligatis
1059 1348 1197 1428 magnis
1215 1346 1348 1410 catenis

399 1448 517 1511 ferreis
532 1455 568 1511 et
584 1449 697 1511 cordis
721 1447 861 1511 insimul
882 1449 1041 1522 navibus,
1062 1445 1191 1510 Gallici
1215 1450 1350 1508 statue-

399 1552 492 1619 runt,
507 1546 724 1628 scaphasque
741 1563 823 1610 snas
840 1547 1006 1628 parvulas
1027 1545 1199 1628 lapidibus
1214 1545 1348 1626 plenas,¹

399 1645 435 1707 in
457 1644 569 1707 medio
588 1644 670 1708 mali
691 1645 954 1726 suspendentes,
977 1644 1121 1709 castella
1146 1662 1210 1707 sua
1232 1643 1348 1722 lignea

399 1743 435 1805 in
451 1744 650 1808 summitate
676 1743 758 1807 mali
782 1751 976 1806 erexerunt.
1030 1743 1130 1806 Misit
1146 1747 1260 1804 autem
1278 1737 1349 1803 An·

400 1842 479 1923 gliae
502 1829 567 1905 rex
585 1843 629 1906 ad
645 1841 764 1906 villam
790 1842 833 1906 de
853 1841 927 1924 Ays
949 1843 1146 1924 episcopum
1175 1839 1350 1903 Linculni-

402 1960 516 2004 ensem
528 1949 569 2004 ut
585 1941 815 2004 Flandrenses
831 1947 866 2004 et
877 1947 1022 2005 caeteros
1040 1938 1207 2020 Anglicus
1219 1935 1346 2001 ibidem

403 2047 570 2121 repertus,
585 2059 662 2103 cum
678 2047 815 2121 tempus
841 2038 1027 2102 infestandi
1050 2039 1205 2101 inimicos
1222 2056 1349 2119 oppon·
1381 2075 1384 2080 -

401 2146 526 2202 tunum
543 2138 721 2215 arrideret,
739 2157 820 2218 rege
843 2136 999 2202 Gallicos
1013 2138 1250 2219 impugnante,
1267 2155 1351 2198 con-

402 2245 576 2318 gregaret,
588 2257 629 2300 ac
639 2245 780 2318 paratos
795 2237 890 2300 exire
905 2235 948 2299 ad
961 2236 1089 2300 bellum
1104 2236 1253 2314 faceret3
1271 2252 1349 2315 spes

402 2343 518 2399 tamen
534 2335 610 2418 ejus
623 2336 774 2399 evanuit.
827 2335 870 2398 In
885 2335 1048 2398 conflictu
1065 2332 1154 2399 enim
1170 2333 1349 2412 stantesin

403 2435 479 2515 ripa
507 2436 611 2496 maris
647 2434 876 2498 Flandrenses
903 2435 1036 2497 exitum
1059 2433 1155 2507 belli,
1188 2441 1228 2496 ut
1258 2430 1350 2513 parti

404 2531 538 2594 victrici
563 2531 679 2596 lavere
695 2533 862 2608 valerent,
885 2541 924 2596 ut
950 2533 1141 2609 dicebatur,
1159 2532 1268 2595 solum
1286 2550 1349 2592 ex·

403 2631 599 2710 pectebant.
653 2630 698 2693 Et
726 2631 845 2694 eodem
873 2631 941 2704 die,
967 2651 1090 2712 parum
1118 2638 1198 2694 ante
1229 2629 1349 2692 horam

402 2746 595 2810 vesperam,
635 2730 734 2792 navis
780 2729 908 2793 domini
951 2730 1097 2795 Roberti
1138 2730 1181 2792 de
1216 2727 1350 2791 Morlee

402 2827 543 2908 navigio
557 2826 773 2892 Gallicorum
785 2829 1055 2909 primoomnium
1066 2828 1231 2892 insultum
1246 2826 1351 2902 dedit,

403 2927 601 3007 postillam
623 2927 724 2991 navis
746 2927 881 2990 comitis
904 2927 947 2991 de
970 2928 1215 3009 Huntingdon,
1229 2925 1350 2988 deinde

403 3025 539 3090 comitis
576 3026 619 3089 de
654 3025 923 3107 Northampton,
968 3027 1090 3090 deinde
1121 3025 1271 3090 Walteri
1308 3025 1351 3087 de

406 3123 572 3208 Mannay,
601 3125 720 3207 sicque
745 3125 892 3205 singulae
915 3143 1021 3190 naves
1047 3143 1168 3190 versus
1194 3123 1352 3186 inimicos

404 3221 620 3300 festinantes
651 3224 759 3288 solem
782 3233 817 3287 et
844 3231 985 3289 ventum
1010 3242 1125 3288 secum
1158 3224 1352 3287 babuerunt

399 3321 508 3403 juxta
523 3330 656 3387 votum.
709 3321 756 3385 Et
778 3323 877 3405 quasi
899 3323 935 3386 in
957 3325 1079 3404 agonis
1096 3323 1264 3406 principio
1282 3329 1353 3384 tres

404 3421 575 3484 maximos
612 3439 763 3501 cogones
799 3439 887 3503 quus
923 3424 1095 3486 vocabant
1132 3419 1352 3495 Edwardum,

407 3516 627 3595 Katerinam,
644 3527 680 3582 et
702 3519 846 3596 Rosam,
863 3517 945 3583 olim
972 3521 1014 3584 de
1040 3521 1199 3584 manibus
1218 3517 1353 3600 Angla-

405 3633 481 3677 rum
507 3615 543 3677 in
569 3617 656 3680 mari
681 3617 849 3695 sublatos,
865 3618 982 3702 adepti
998 3628 1089 3683 sunt.
1141 3617 1354 3701 Subjugata-

406 3731 473 3793 que
488 3715 599 3795 prima
621 3715 738 3778 navali
760 3717 846 3792 acie,
862 3719 921 3798 qui
935 3720 1029 3782 intus
1046 3725 1143 3782 erant
1158 3717 1274 3799 gladio
1297 3715 1355 3783 de-

406 3811 486 3876 letis
510 3821 545 3876 et
571 3814 773 3879 conculcato
799 3816 890 3897 regis
918 3816 1074 3881 Franciae
1089 3816 1231 3892 vexillo,
1246 3815 1355 3895 regis-

406 3930 474 3992 que
499 3909 638 3994 Angliae
662 3913 697 3975 in
721 3914 859 3977 sublimi
885 3915 920 3978 in
945 3917 1054 3979 tribus
1082 3915 1183 3979 dictis
1209 3914 1356 3977 navibus

408 4010 557 4086 elevato,
571 4013 713 4094 reliquae
725 4033 832 4076 naves
849 4014 997 4095 singulae
1009 4015 1129 4096 sugam
1145 4013 1231 4076 inire
1246 4021 1357 4093 temp-

407 4112 551 4190 tabant3
575 4112 810 4176 circumclusae
835 4119 951 4176 tamen
967 4116 1011 4178 ab
1027 4113 1165 4195 Anglis,
1190 4111 1357 4194 depositis

407 4211 513 4272 armis
529 4211 613 4286 suiS,
632 4212 691 4292 qui
710 4211 803 4275 intus
821 4219 920 4276 erant
932 4213 1080 4294 scaphas
1096 4212 1282 4287 intrabant,
1297 4209 1356 4273 sed
