3166 4992
418 479 589 528 wanrunr
611 481 659 528 nu
682 471 964 532 nemrncsunen.
1093 467 1168 538 243

209 653 250 698 eo
275 643 314 698 ut
342 637 446 700 etiam
461 637 718 703 -Duuolmensis
742 639 924 722 episcopus
953 634 1155 712 remaneret.
1176 657 1313 761 fagala&

210 735 257 798 Et
274 735 338 800 hoc
354 738 436 819 quia
453 745 529 801 erat
546 739 644 803 dives
658 740 852 822 episcopus
863 747 897 804 et
907 737 999 822 papa
1012 761 1154 826 pauper.
1166 774 1318 843 ffi—

207 835 344 900 Habuit
373 838 463 900 enim
491 838 672 921 episcopus
700 847 826 921 praeter
852 842 1091 924 episcopatum
1118 846 1153 908 in
1167 827 1303 895 tiulrffails·

207 954 320 999 annuo
340 937 476 1005 redditu
496 938 539 1001 de
557 940 756 1020 perquisitis
774 947 809 1003 et
826 941 1034 1022 patrimonio
1057 943 1153 1024 plus-

208 1053 312 1116 quam
329 1038 481 1119 quinque
496 1037 606 1102 millia
620 1058 814 1102 marcarum
829 1039 975 1120 singulis
989 1044 1101 1119 annis,
1119 1053 1154 1109 et

206 1135 316 1199 multa
327 1138 520 1201 contulerat
532 1157 634 1220 papae
643 1148 677 1202 et
689 1138 919 1202 cardinalibus
930 1141 1021 1220 suis3
1049 1157 1153 1226 prop·

207 1243 260 1298 ter
292 1237 385 1317 quod
410 1237 610 1318 impetravit
628 1239 759 1301 'contra
787 1239 976 1302 Ricardum
999 1241 1150 1322 priorem

205 1334 489 1413 Dunolmensem,
505 1337 597 1419 qnod
621 1357 713 1419 papa
736 1337 801 1414 sibi
819 1339 990 1410 commisit
1005 1347 1040 1404 et
1057 1341 1152 1406 dedit

206 1436 236 1499 ei
257 1455 375 1500 curam
398 1444 434 1501 et
456 1438 647 1501 custodiam
662 1437 779 1501 totius
799 1435 1002 1502 monasterii
1017 1440 1161 1504 Danai--¹

204 1535 342 1613 mensis,
354 1545 424 1602 tam
436 1537 472 1599 in
482 1537 730 1619 temporalibus
743 1553 846 1618 quam
856 1538 1149 1620 inspiritualibus

203 1634 432 1718 Suggesserat
455 1637 546 1700 enim
572 1657 686 1720 papae,
712 1637 804 1718 quod
822 1636 917 1720 prior
942 1638 1150 1704 insufficiens

202 1744 277 1800 erat
296 1737 338 1800 ad
361 1737 547 1818 regendum
566 1743 696 1800 statum
716 1737 873 1800 ecelesiae
892 1738 1148 1806 Dunolmensis.

205 1834 451 1919 Reversusque
481 1855 592 1900 novus
615 1835 814 1918 patriarcha
841 1843 877 1899 et
908 1838 1149 1920 episcopusin

183 1934 369 2016 =Angliam
400 1955 478 2000 cum
504 1954 633 2017 magna
658 1935 782 2016 gloria,
807 1935 889 1998 fecit
918 1936 1041 2000 deferri
1066 1946 1150 2002 ante

202 2054 280 2098 eum
298 2055 434 2100 crucem
447 2043 649 2116 argenteam
661 2040 696 2098 et
706 2031 908 2098 deauratam
917 2054 996 2098 cum
1011 2036 1148 2101 duabus

200 2135 351 2199 brachiis
376 2153 421 2199 ex
447 2144 656 2211 transverso,
684 2146 720 2197 et
749 2134 900 2215 imagine
923 2135 1080 2198 crucifixi
1112 2137 1147 2200 in

201 2234 324 2298 medio.
378 2235 626 2316 Commisitque
645 2234 737 2297 vices
752 2251 838 2296 'suas
859 2235 961 2297 certis
979 2237 1148 2316 personiS,
1222 2305 1224 2311 ,

157 2361 158 2364 “
201 2334 262 2415 qui
291 2334 366 2399 viee
397 2342 433 2399 et
470 2335 607 2398 nomine
641 2352 705 2396 suo
741 2349 859 2396 curam
880 2335 1157 2398 -etcustodiam

199 2434 353 2498 ecclesiae
376 2433 621 2508 Dunolm'ensis
647 2432 901 2496 committerent
925 2431 1079 2500 Henrico
1103 2433 1159 2499 de&
1247 2473 1251 2482 ·

200 2534 341 2618 Luceby
361 2532 691 2617 pseudo-monacho,
715 2531 817 2614 duem
839 2532 1046 2615 aliquotiens
1068 2534 1161 2598 loeo:

198 2635 323 2718 prioris
337 2633 585 2716 ‘praefecerat,'
597 2631 662 2696 ¹·ut
678 2631 882 2714 praedictum
898 2640 962 2696 est.
1009 2631 1160 2710 Quibus·

199 2754 277 2798 cum
294 2733 371 2816 ipso
389 2734 544 2798 Henrico
561 2733 686 2796 ibidem
702 2733 935 2809 venientibus,
946 2732 1157 2798 clauserunt·

123 2855 125 2858 ·
198 2833 356 2898 monachi
380 2842 499 2916 portas
527 2841 562 2897 et
586 2833 708 2897 valvas
737 2831 904 2908 ecclesiae,
929 2832 1145 2913 appellantes

198 2933 242 2997 ed
264 2951 402 3015 papam,
421 2941 457 2996 et
482 2932 707 2996 ostendentes·
727 2931 976 3012 protectionem
1000 2934 1156 3013 regiam,-

199 3051 268 3115 qua
289 3051 348 3096 eos
371 3037 571 3112 susceperat
597 3049 660 3093 rex
685 3030 721 3092 in
744 3029 1041 3093 deieusionesua.
1095 3031 1157 3095 At,

196 3133 247 3196 illi
270 3131 608 3194 excommunicantes
627 3128 816 3192 monachos
836 3135 1002 3209 tanquam
1026 3130 1145 3192 inobe-

197 3232 335 3296 dientiae
357 3230 459 3307 filios,
476 3235 704 3293 recesserunt.
757 3227 862 3306 Quod
885 3247 963 3290 cum
989 3228 1153 3293 audisset»

198 3351 273 3408 ren,
287 3332 397 3395 iratus
413 3338 477 3405 est,
492 3337 527 3394 et
545 3331 628 3411 quia
642 3327 925 3394 nondetulera'nt
936 3329 1143 3409 protectioni

198 3452 284 3506 suae,
297 3432 403 3494 immo
416 3431 492 3512 ipso
501 3429 699 3511 irrequisito
710 3427 897 3492 mona'chos
907 3429 1144 3492 excommuni-

198 3537 375 3605 caverant,
397 3531 505 3612 jussit
530 3549 589 3592 eos
609 3529 673 3592 sub
699 3528 964 3608 manucaptione
992 3523 1055 3591 suo
1082 3529 1154 3590 tri-'

197 3630 315 3694 bunali
343 3630 515 3706 assistere,
540 3636 577 3693 et
603 3647 718 3692 coram
737 3625 945 3710 ¹justiciariis
964 3625 1006 3689 in
1033 3629 1144 3692 banco

197 3731 290 3810 regis
313 3729 531 3811 respondere.
584 3727 900 3809 ‘Transieruntque
915 3727 971 3790 ibi
989 3745 1056 3789 non
1085 3747 1153 3808 per

196 3831 310 3911 ignem
336 3836 371 3893 et
395 3848 534 3910 aquam,
550 3829 654 3891 immo
678 3847 739 3909 per
759 3835 944 3907 argentum
960 3835 995 3888 et
1010 3845 1149 3902 aurum,

130 3971 131 3974 =
197 3927 269 3993 et'2
285 3936 365 4011 post
379 3929 517 4008 longam
540 3927 757 3991 vexationem
779 3924 1036 4007 provoluntate
1054 3925 1147 4006 regis

720 4178 964 4242 ²‘Transieruntque
971 4181 1007 4229 ibi
1015 4183 1149 4245 perignem

685 4257 710 4302 et
721 4265 822 4314 aquam,
834 4251 876 4311 et,’
889 4251 946 4301 MS.
960 4251 1054 4302 Lansd.
1110 4255 1113 4264 ⁴

959 4351 1009 4395 82

234 4218 242 4249 ¹
260 4220 439 4284 ‘praefixerat'
447 4220 507 4274 Ms,
520 4219 613 4270 Lansd.
