3178 4992
477 481 646 530 wanrnnr
670 479 717 529 nn
740 481 1023 531 nnnrucauncn.
1140 471 1206 536 115

251 634 488 720 cujuscunque
505 639 785 720 praeeminentiae,
803 639 1010 705 conditionis
1028 648 1063 705 et
1077 648 1202 722 status,
1230 659 1321 701 rauna
1334 661 1354 701 1.

252 737 312 818 qui
328 737 414 801 talia
432 738 660 820 imposuerint
674 746 710 802 et
727 741 906 821 exegerint
922 741 976 804 vel
999 744 1203 824 receperint,
1216 711 1368 845 Bfflfffi

252 843 312 900 ant
336 838 427 920 apud
455 838 547 902 aedes
570 857 687 902 sacras
714 838 873 922 deposita
900 839 1123 906 ecclesiarum
1148 844 1203 908 vel
1216 847 1326 888 ⁸⁰⁰¹f⁸0e

250 936 561 1003 ecclesiasticarum
597 957 820 1021 personarum
855 939 999 1005 ubilibet
1028 950 1203 1008 arestarc-

251 1035 332 1113 rint,
355 1037 538 1114 seisierint,
560 1058 622 1102 sen
645 1057 814 1121 occupare
836 1042 1130 1123 praesumpserint,
1148 1044 1203 1108 vel

253 1138 410 1214 arestari,
439 1138 562 1212 saisiri,
590 1147 651 1202 aut
678 1139 840 1219 occupari
866 1139 1118 1218 mandaverint,
1142 1152 1203 1208 aut

254 1244 436 1319 occupata,
465 1238 597 1314 saisita,
625 1257 688 1301 seu
714 1245 869 1302 arestata
893 1242 1098 1322 receperint,
1124 1262 1203 1306 nec·

255 1355 324 1398 non
354 1356 472 1400 omnes
504 1338 563 1420 qui
594 1337 741 1402 scienter
771 1338 807 1401 iu
838 1338 1012 1419 praedictis
1047 1340 1204 1407 dederint

253 1436 444 1515 consilium,
479 1436 660 1513 auxilium,
695 1436 750 1500 vel
783 1437 950 1514 favorem,
980 1439 1117 1520 publice
1148 1442 1203 1504 vel

253 1535 400 1613 occulte,
430 1556 471 1600 eo
500 1537 576 1619 ipso
601 1538 808 1601 sententiam
839 1538 1204 1603 excommunicationis

254 1635 443 1700 incurrant.
506 1635 761 1702 Universitates
791 1656 930 1719 quoque
961 1656 1040 1719 quac
1070 1639 1106 1723 iu
1137 1639 1203 1704 biis

255 1735 444 1817 culpabiles
481 1735 607 1800 suerint
640 1737 872 1802 ecclesiastico
906 1738 1202 1820 ‘supponimus'¹

254 1833 449 1900 interdicto.
512 1835 674 1900 Praelatis
705 1843 740 1899 et
772 1835 927 1918 personis
960 1836 1204 1903 ecclesiasticis

255 1935 474 2017 supradictis,
491 1937 526 1999 in
544 1935 674 2000 virtute
695 1935 899 2000 obedientiae
921 1943 958 2000 et
979 1938 1045 2001 sub
1067 1937 1204 2020 deposi-

255 2036 360 2100 tionis
393 2056 510 2119 poeua,
548 2036 703 2100 districte
734 2036 951 2112 mandantes,
989 2042 1028 2099 ut
1064 2036 1204 2115 talibus,

256 2136 386 2218 absque
406 2137 546 2201 licentia
565 2154 733 2218 expressa
754 2135 856 2199 diotae
879 2135 982 2211 sedis,
1006 2135 1204 2201 nullatenus

255 2235 492 2318 adquiescant.
560 2235 733 2317 Quodque
763 2242 937 2319 praetextu
967 2235 1205 2319 quuscunque
1310 2277 1311 2282 κ

255 2335 451 2412 oblationis,
473 2336 708 2419 promissionis
729 2342 764 2400 et
785 2334 1016 2399 concessionis
1034 2335 1205 2400 factarum

257 2434 423 2500 hacteuus
439 2437 494 2500 vel
508 2434 740 2500 faciendarum
759 2434 910 2511 inantea,
926 2435 1127 2516 priusquam
1143 2436 1206 2500 bu-

251 2534 406 2618 jusmodi
421 2536 633 2611 constitutio,
645 2535 844 2618 probibitio,
856 2553 918 2599 seu
933 2542 1145 2618 praeceptum
1159 2537 1205 2600 ad

256 2636 414 2702 notitiam
428 2638 581 2719 ipsorum
596 2636 792 2718 pervenerit
807 2635 891 2698 nibil
909 2636 1060 2711 solvant,
1072 2655 1135 2700 nec
1151 2655 1206 2699 su-

256 2736 404 2816 pr'adicti
426 2737 599 2800 seculares
617 2735 748 2817 aliquid
765 2735 1007 2818 quoquomodo
1024 2735 1205 2816 recipiant.

257 2835 303 2898 Et
316 2837 347 2900 si
360 2835 528 2901 solverint
543 2836 597 2900 vel
619 2835 775 2917 praedicti
797 2835 999 2916 receperint,
1014 2834 1050 2898 in
1066 2843 1204 2899 senten·

256 2936 341 2998 tiam
363 2935 728 3000 excommunicationis
750 2934 907 2997 incidant
921 2935 998 3016 ipso
1016 2932 1120 2998 facto.
1172 2933 1206 2998 A

256 3035 465 3116 supradictis
476 3043 592 3098 autem
607 3033 972 3097 excommunicationis
987 3039 1023 3095 et
1032 3033 1207 3096 interdicti

256 3135 438 3198 sententiis
464 3134 581 3197 nullus
607 3133 740 3196 absolvi
766 3133 893 3207 valeat,
915 3138 1145 3213 praeterquam
1170 3132 1206 3195 in

256 3234 379 3298 mortis
399 3233 557 3310 articulo,
577 3234 708 3314 absque
729 3230 1039 3312 sedisapostolicae
1054 3231 1206 3295 auctori·

258 3340 330 3397 tate
357 3341 392 3397 et
414 3332 554 3397 licentia
571 3331 724 3415 speciali,
748 3351 826 3396 oum
853 3338 981 3394 nostrae
1005 3331 1206 3394 intentionis

256 3434 386 3498 existat
419 3440 490 3496 tam
519 3432 726 3498 horrendum
756 3430 962 3495 secularium
992 3437 1205 3512 potestatum

257 3534 402 3597 abusum
428 3534 627 3598 nullatenus
653 3533 718 3596 sub
746 3530 1020 3596 dissimulatione
1047 3530 1207 3607 transire,

257 3652 325 3696 non
358 3634 577 3697 obstantibus
611 3632 873 3714 quibuscunque
906 3630 1108 3713 privilegiis,
1142 3632 1206 3693 sub

257 3734 517 3816 quibuscunque
529 3733 721 3809 tenoribus,
734 3732 847 3796 forma
860 3749 921 3794 seu
936 3730 1038 3794 modo
1054 3739 1115 3794 aut
1130 3747 1206 3794 ver-

258 3833 378 3896 borum
399 3833 621 3915 conceptione
640 3832 812 3896 concessis
826 3829 1103 3913 imperatoribus,
1116 3829 1207 3910 regi-

256 3934 321 3996 bns
342 3940 377 3996 et
400 3934 478 3996 aliis
497 3932 717 4015 supradictis,
733 3950 812 4013 quae
834 3937 956 3993 contra
974 3928 1154 4011 praemissa
1171 3926 1207 3990 in

257 4032 352 4096 nullo
384 4034 543 4097 volumus
575 4032 680 4095 alicui
712 4031 767 4096 vel
802 4029 976 4111 aliquibus
1013 4027 1206 4108 suffragari.

505 4253 513 4286 ¹
531 4254 747 4317 ‘supposuimus'
758 4253 817 4304 MS.
829 4253 898 4304 Gott.
909 4253 967 4303 Tib.

1026 4360 1036 4395 1
1053 4351 1069 4396 2
