3166 4992
409 465 475 530 218
785 477 994 526 cnsonioou

264 660 355 702 aaran
364 659 383 702 1.
411 639 627 722 pertransiit,
644 645 748 720 capta
770 645 824 702 est
845 638 988 702 libertas
1008 635 1226 718 episcopatus
1250 635 1304 696 sui
1324 632 1361 697 in

247 712 390 836 &⁸¹3²
410 759 553 804 manum
586 739 716 803 domini
744 739 856 818 regis3
890 737 1121 820 apposuitque
1148 735 1359 818 justitiarios

247 847 389 946 ffl'ffl‘
409 859 491 904 suos
509 847 545 903 et
559 857 660 903 suum
676 836 920 902 cancellarium
936 836 1018 900 fecit
1033 853 1110 898 cum
1126 854 1217 898 novo
1232 833 1357 914 sigillo.

248 947 352 1036 {mn
410 938 669 1021 Conquestiquo
690 950 773 1001 sunt
794 937 916 1000 incolae
939 937 982 999 dc
1005 935 1171 998 ministris
1194 931 1358 1018 episcopi,

247 1063 388 1112 merrae,
409 1049 445 1104 et
461 1040 703 1104 tractabantur
717 1036 806 1100 male
821 1057 829 1114 3
853 1037 1077 1112 mulctantur,
1094 1035 1361 1112 incarcerantur,

247 1113 363 1212 ἳιῖἒξῗιῖἒὶ
407 1147 444 1202 et
461 1139 562 1221 qnasi
584 1139 628 1202 ad
654 1137 949 1219 consumptionem
972 1143 1165 1199 extremam
1181 1133 1357 1198 deducun-

247 1213 372 1302 ,iiiiii
410 1244 467 1301 tur
483 1238 594 1302 multi.
643 1237 787 1302 Interim
810 1235 1104 1318 appropinquavit
1124 1242 1260 1317 tempus
1284 1235 1355 1316 epi·

247 1312 369 1406 murs
409 1338 518 1420 scopi,
528 1344 568 1400 nt
586 1338 794 1420 promissum
809 1337 875 1400 iter
890 1332 1069 1417 arriperet,
1085 1341 1120 1398 et
1134 1333 1262 1416 incepit
1277 1335 1355 1416 plns

408 1435 512 1500 solito
526 1436 664 1519 placare
679 1435 854 1500 dominnm
868 1451 997 1515 regem,
1010 1433 1235 1518 promisitque
1250 1443 1284 1497 et
1301 1451 1357 1498 as-

407 1537 583 1600 securavit
590 1535 763 1620 jnstitiam
772 1534 898 1610 faeere,
909 1543 945 1598 et
958 1535 1133 1597 ministros
1144 1535 1355 1615 ‘praestare’l

409 1636 516 1698 bonos
541 1647 576 1698 et
601 1632 732 1712 fideles,
747 1641 783 1698 et
809 1635 972 1698 restituta
989 1639 1042 1698 est
1064 1633 1096 1696 ei
1119 1633 1260 1697 libertas
1277 1652 1352 1700 sua.

246 1759 359 1810 Augusti.
409 1733 540 1798 Eodem
555 1743 708 1817 tempore
726 1735 819 1798 circa
834 1732 960 1798 festum
978 1733 1071 1798 beati
1090 1731 1186 1796 Petri
1203 1733 1248 1796 ad
1267 1731 1354 1796 Vin-

243 1860 376 1899 nons.
407 1834 498 1910 cula,
520 1835 707 1919 praedictus
731 1834 825 1916 prior
847 1832 1019 1897 Ricardus
1047 1849 1207 1896 reversus
1230 1841 1284 1896 est
1309 1831 1352 1897 de

245 1925 364 2025 ἔξῗζξξζῗ
406 1934 515 2011 curia,
544 1941 580 1998 et
612 1953 634 1996 a
662 1933 828 1997 fratribus
854 1933 926 1996 suis
955 1931 1247 1996 Dunolmensibus
1274 1949 1352 1996 cum

407 2033 534 2113 gaudio
564 2041 746 2116 susceptus
772 2040 824 2096 est
852 2033 888 2095 in
918 2048 1009 2096 anno
1043 2033 1146 2096 tertio
1174 2031 1352 2115 ejectionis

407 2130 513 2212 suee;²
534 2140 570 2196 et
587 2134 746 2197 dominus
759 2133 942 2215 episeopus
953 2132 996 2194 ad
1013 2119 1207 2195 Romanam
1222 2134 1351 2195 curiam

406 2231 534 2296 direxit
563 2251 702 2314 gressus
727 2249 821 2308 sune,
844 2250 913 2295 non
939 2239 1053 2296 tamen
1075 2238 1114 2294 nt
1136 2233 1352 2313 promiserat,

324 2361 326 2368 η
407 2333 489 2413 qnia
514 2332 648 2397 obierat
673 2331 873 2396 Bonifaoius
902 2349 994 2414 papa
1017 2331 1214 2414 praedictus.
1266 2332 1352 2395 Suo·

408 2431 549 2496 cedente
580 2449 663 2494 vero
696 2430 805 2494 eidem
838 2449 931 2513 papa
963 2429 1164 2507 Benedicta,
1194 2431 1352 2494 dominus

408 2532 591 2611 episcopus
605 2549 669 2611 pro
684 2529 888 2611 exequendo
903 2530 1069 2613 praedicto
1083 2531 1223 2612 negotio
1235 2527 1353 2594 Terrae

408 2629 546 2694 Sanctae
572 2628 722 2696 decimas
745 2628 950 2710 Anglicanae
979 2629 1145 2708 ecclesias,
1172 2629 1297 2694 S‘ootine
1316 2639 1352 2695 et

407 2727 598 2806 Hiberniae,
616 2746 678 2812 per
699 2738 770 2793 tres
793 2747 903 2792 annos
925 2729 1106 2793 continuos
1128 2730 1269 2794 concedi
1286 2731 1352 2793 sibi

406 2829 517 2911 petiit.
571 2827 638 2895 Sed
656 2829 775 2892 irrisus
792 2838 858 2904 est,
876 2829 1062 2910 effuditque
1079 2829 1205 2893 iterato
1222 2830 1353 2894 viscera

406 2929 561 3009 pecuniae
589 2947 672 2992 suae.
720 2928 765 2992 Et
793 2928 1006 2992 solummodo
1028 2929 1238 3011 impetravit,
1259 2930 1352 3011 qnod

407 3027 666 3093 Cantuariensis
696 3027 987 3111 archiepiscopus,
1025 3028 1275 3092 Wintoniensis
1317 3037 1352 3092 et

407 3126 658 3192 Lincolniensis
685 3125 856 3210 episcopi³
882 3127 1109 3208 personaliter
1135 3129 1290 3192 venirent
1316 3135 1352 3193 et

407 3227 586 3291 visitarent
599 3227 789 3310 capitulum
807 3225 1053 3303 Dunolmense,
1071 3234 1106 3291 et
1123 3228 1353 3292 correctiones

405 3326 562 3392 salubres
577 3327 740 3403 iacerent,
757 3333 828 3390 tam
843 3327 879 3390 in
890 3327 1004 3410 capite
1015 3343 1118 3408 quam
1132 3323 1167 3390 in
1182 3328 1352 3392 membris.

408 3425 533 3489 Noluit
558 3426 648 3488 enim
664 3426 910 3489 Dunolmensis
931 3427 1114 3509 episcopus
1130 3426 1271 3490 visitare
1294 3443 1355 3508 per

406 3542 455 3599 se,
471 3524 619 3606 eoquod
635 3523 793 3587 dominus
809 3541 901 3608 papa
923 3526 1123 3590 Bonifacius
1145 3523 1355 3590 limitaverat

406 3641 497 3698 enm,
510 3622 665 3686 faciendo
679 3641 782 3704 super
793 3623 856 3687 hoc
868 3627 1147 3690 constitutionem
1158 3625 1353 3707 specialem,

405 3719 502 3806 (qnae
528 3721 621 3786 “Ad
649 3722 902 3787 Audientiam''
930 3721 1081 3809 incipit)
1104 3726 1196 3807 quod
1219 3726 1353 3790 Dunol-

405 3840 539 3886 menses
551 3822 703 3905 episcopi
714 3841 782 3886 non
797 3824 987 3888 visitabunt
996 3825 1038 3888 de
1051 3834 1187 3900 caetero,
1201 3823 1266 3888 nisi
1276 3843 1353 3889 cum

442 4041 806 4106 ¹‘praefigerss‚'MS·L³⁰⁵d'
926 4074 937 4104 ³
959 4077 1042 4126 These
1067 4091 1135 4127 were
1164 4077 1259 4127 Robert
1283 4081 1354 4129 Win-

439 4109 577 4165 ²Godwin
598 4127 657 4174 says
680 4113 722 4162 ¹¹¹⁰
744 4114 820 4162 ¹³⁶⁰?
841 4113 870 4160 οἳ
890 4147 1002 4208 chenay,
1021 4148 1089 4196 John
1107 4149 1139 4196 de
1164 4149 1310 4198 Pontissera
1327 4166 1355 4199 or

404 4182 866 4313 ξζξζξζῇξζξξῃῗιζξὲιξῗῖὼωθ
890 4217 1352 4282 sacerge,musonnn’anneny.
