3144 4990
431 467 1182 540 wnnunn1usuutt1nonunen.387

226 635 400 704 ueraciter
415 638 638 714 ascribendae,
655 639 815 720 nequiter
827 639 968 708 simulat
983 653 1021 705 se
1038 637 1175 722 babere,
1191 656 1244 698 n,
1239 655 1283 746 ,ti
1287 654 1339 748 up
1389 698 1391 704 .

227 739 265 797 et
290 735 456 816 quasdam
486 739 879 806 excommunicationum
909 738 1110 816 sententias,
1139 707 1222 805 in
1189 788 1232 827 m„
1234 707 1312 835 ΒΕΓ

227 833 470 903 ecclesiasticae
498 837 668 906 libertatis
696 846 731 903 et
760 838 902 919 Magnae
925 838 1041 906 usrtae
1064 839 1174 906 viola·
1188 837 1340 934 gifflffiffgg

230 934 355 998 tores
347 954 382 1000 ιιι
408 955 544 1018 genere,
567 936 697 1004 dudum
724 937 830 1013 latus,
845 937 890 1004 ad
918 937 1200 1019 suggillandam
1186 937 1313 978 ΝΜΟ·

226 1032 423 1112 ,opinionem
446 1037 590 1117 regium,
613 1044 648 1104 et
670 1036 843 1120 praeistes
858 1037 1035 1104 ministros
1061 1038 1175 1120 regios

227 1129 469 1212 diffamandos,
484 1155 526 1202 ae
547 1136 733 1204 seditiones
755 1136 791 1204 in
813 1136 941 1218 populo
965 1137 1063 1201 nobis
1085 1156 1174 1206 com.-

228 1230 334 1298 masc
380 1234 574 1315 proditorie,
605 1236 835 1310 suscitandus,
874 1243 909 1301 et
955 1235 1174 1303 devotionem

228 1332 404 1408 comittem,
420 1352 611 1415 procerum,
636 1343 672 1402 et
697 1341 899 1415 magnatum
930 1333 1028 1415 regui
1053 1336 1173 1412 nostri,

226 1430 403 1512 majestati
430 1433 531 1514 regine
549 1432 832 1510 subtrahendam,
853 1433 1060 1516 specificatus
1087 1453 1172 1504 nou,

227 1529 330 1596 uullis
348 1532 515 1609 articulis,
529 1539 659 1614 praeter.
677 1539 714 1598 et
735 1541 858 1602 contra
878 1533 1017 1599 solitum
1033 1533 1171 1600 modum

227 1627 264 1692 in
292 1631 437 1698 concilio
465 1632 669 1714 prouinciali
698 1633 875 1706 traditum,
904 1631 1081 1700 mundavit
1109 1652 1172 1714 per

227 1745 309 1794 sues
331 1729 450 1800 literas
472 1731 509 1798 in
544 1731 700 1814 pluribus
725 1731 811 1798 locis
842 1732 1034 1813 insignibus
1057 1733 1170 1814 pubii-

223 1827 309 1894 oari.
373 1829 606 1907 Quamobrem
636 1851 700 1900 nos
732 1830 899 1907 solentes,
929 1839 969 1896 ut
1001 1837 1169 1907 tenemur,

226 1925 550 2008 integritatibus
578 1939 709 2000 nostrae
737 1931 944 2012 prospicere,
970 1937 1005 1998 et
1035 1929 1169 2011 prefati

224 2026 474 2111 archiepiscopi
495 2029 638 2098 mefitis
665 2030 819 2106 obviare,
840 2035 1049 2112 paratosque
1071 2030 1169 2099 nobis
1220 2107 1225 2117 ¹

225 2131 262 2190 et
293 2129 422 2194 nostris
441 2130 497 2194 ‚ab
528 2130 604 2212 ipso
640 2129 784 2212 laqueos
816 2129 952 2196 cautim
984 2127 1168 2206 declinare,

224 2227 449 2305 providimus,
481 2237 608 2311 praeter
638 2248 681 2296 ea
710 2248 789 2310 quae
820 2227 977 2310 superius
1004 2243 1170 2309 expressa

220 2332 320 2402 sunt,
359 2333 398 2391 ut
433 2329 478 2394 ad
513 2347 668 2412 presens
702 2328 746 2394 de
780 2328 898 2395 multis
930 2327 1005 2410 ejus
1034 2327 1170 2396 actibus

222 2428 541 2511 teceamuseiiqua
553 2427 723 2496 deducere
738 2427 957 2510 inpublicare
975 2425 1167 2498 notionem:

226 2543 360 2609 nempe,
383 2527 462 2611 ejus
491 2527 685 2610 improvido
710 2527 857 2595 ,consitio
885 2535 921 2592 et
946 2544 1113 2594 succursu
1135 2527 1170 2590 in
1190 2520 1191 2524 ’

223 2624 348 2692 minori
363 2633 466 2695 aetate
485 2628 680 2704 constituti,
697 2633 750 2694 tot
771 2627 979 2694 donationes
993 2625 1168 2708 prodigas,

223 2741 265 2787 ac
298 2725 525 2791 alienationes
555 2727 758 2809 prohibitas,
789 2745 831 2790 ec
860 2725 992 2807 gratias
1026 2725 1169 2798 fecimus

224 2826 435 2902 excessisse,
473 2827 566 2909 quod
607 2846 669 2909 per
714 2845 775 2889 eas
809 2825 969 2888 aerarium
1012 2831 1168 2888 nostrum

223 2923 379 2988 totaliter
394 2930 448 2991 est
462 2924 685 3002 exhaustum,
700 2931 736 2989 et
753 2923 889 2991 fiscales
911 2922 1065 2987 redditus
1086 2931 1169 2992 sunt

223 3023 408 3086 enormiter
439 3024 618 3101 diminuti3
651 3025 797 3112 ipsaque
829 3042 1009 3086 munerum
1045 3028 1168 3105 accep·

223 3121 317 3184 tione
348 3129 559 3205 corruptum,
592 3142 737 3204 magnas
764 3121 986 3204 pecuniarum
1017 3139 1168 3184 summes

221 3221 322 3290 nobis
344 3221 479 3290 debitas
502 3223 708 3306 quibusdum
732 3223 805 3290 sine
828 3220 1026 3290 rutionebili
1048 3239 1167 3295 causa,

222 3340 301 3390 cum
323 3321 361 3387 id
379 3322 478 3388 nuile
502 3322 688 3390 nenessitas
706 3322 761 3386 uel
786 3321 921 3390 utilitas
944 3321 1166 3402 exposcebat,

221 3421 451 3504 comperimus
489 3421 674 3497 remisisse,
706 3428 741 3488 et
774 3419 940 3503 plurimos
980 3427 1167 3501 proventus

221 3525 257 3585 et
274 3519 440 3597 redditus,
457 3520 518 3602 qui
531 3539 595 3604 pro
609 3520 738 3589 uostris
760 3519 967 3591 utilitatibus
992 3525 1027 3588 et
1049 3537 1167 3583 neces-

201 3617 382 3688 'sitatibus
409 3621 609 3688 conserturi
632 3620 836 3696 debuerant,
855 3619 928 3691 suis
956 3637 1166 3702 suorumque

221 3719 340 3786 usibus
361 3720 568 3801 applicasse,
586 3727 625 3786 et.
640 3719 718 3788 eliis
736 3719 896 3802 personis
920 3717 1010 3788 mele
1037 3716 1167 3788 meritis

220 3835 394 3898 erogasse.
427 3818 498 3896 Qut
516 3819 620 3884 etiem
637 3818 761 3885 nedum
781 3836 971 3892 munerum,
990 3816 1166 3880 sedetiam

220 3935 446 3998 personarum
469 3915 700 3999 ‘acceptor,’¹
719 3924 841 3980 contra
862 3923 980 3984 votum
1011 3921 1166 4000 nostrum

219 4021 255 4114 et
265 4015 461 4097 praestitum
473 4016 569 4084 nobis
583 4014 1000 4097 fidelitatisjuramentum
1015 4013 1168 4088 solitum,

337 4245 344 4274 '
360 4249 494 4301 Amended
505 4247 567 4299 irum
580 4250 688 4310 liparem
707 4248 783 4297 MSS.
798 4247 858 4296 read
870 4247 877 4276 ‘
888 4247 1054 4307 acceptores!

986 4354 1001 4390 c
1018 4355 1033 4389 u
1049 4345 1066 4389 b
