3178 4992
444 497 614 546 wacrnnr
640 498 687 544 nn
710 498 995 547 nnnrnvcnuncn.
1116 487 1182 550 189

231 652 349 734 gladio
376 672 438 734 per
462 652 611 716 medium
637 653 799 718 transivit
820 653 972 733 illaesus3
997 656 1181 738 patuitque
1203 673 1334 764 mr

231 753 289 816 via
319 769 446 832 magna
475 751 698 833 sequentibus
728 771 819 828 eum,
853 760 929 818 erat
960 755 1052 818 enirn
1079 755 1339 845 fortisffi

232 852 356 915 robore
371 857 408 913 et
424 857 570 914 staturae
587 869 752 933 procerae.
768 885 771 892 ⁴
800 851 960 934 Cumque
971 855 1024 918 ita
1040 860 1180 918 strenue
1192 855 1288 904 &¹¹¹²ss-

232 949 408 1026 militaret,
441 967 548 1030 nepos
580 948 673 1012 illius
701 949 904 1015 vnlneratus
935 958 970 1015 et
999 955 1180 1029 attonitus,

233 1067 323 1130 equo
344 1067 409 1112 suo
430 1047 624 1122 interfecto,
649 1046 709 1110 sed
735 1055 833 1112 stans
859 1056 976 1114 tamen
1001 1049 1180 1132 ‘pedes,'¹

233 1146 398 1210 clamavit
415 1147 458 1209 ad
475 1165 575 1210 eum:
602 1145 788 1210 “Domine
802 1148 860 1223 rni,
875 1148 976 1212 salva
988 1149 1081 1212 me.'’
1131 1147 1182 1213 At

233 1243 303 1321 ille,
333 1243 563 1321 “Ascende''
584 1244 713 1325 inquit,
738 1250 854 1326 “post
880 1246 969 1310 me.''
1020 1245 1093 1324 Qui
1119 1247 1181 1324 ait,

236 1341 362 1406 “Non
399 1361 561 1424 possum
601 1342 726 1408 defecit
765 1344 856 1407 enim
895 1346 1001 1408 robur
1034 1346 1182 1412 meum.’'

235 1441 393 1524 Moxque
410 1443 593 1506 consocius
610 1441 698 1524 ejuS,
716 1443 866 1523 armiger
887 1443 1039 1525 ejusdem
1053 1445 1181 1509 domini

235 1515 464 1616 lsarmeduci,
482 1539 693 1604 descendens
711 1539 754 1604 de
769 1559 859 1622 equo
875 1559 951 1619 suo,
968 1562 1047 1606 eum
1061 1561 1181 1607 ascen-

235 1637 316 1702 dere
338 1639 432 1715 iecit,
450 1646 486 1702 et
512 1638 604 1703 dixit
628 1638 765 1702 domino
787 1658 863 1715 suo,
882 1641 1050 1722 “Sequar
1069 1649 1104 1706 te
1119 1641 1180 1705 do-

236 1737 326 1802 mine
340 1754 548 1820 quocunque
561 1737 642 1802 ieris
653 1736 693 1810 ;''
709 1744 744 1800 et
759 1745 899 1801 secutus
914 1746 969 1803 est
982 1759 1059 1804 eum
1072 1758 1182 1821 usque

236 1835 279 1899 ad
292 1843 445 1918 pontem,
461 1843 496 1900 et
512 1845 658 1918 uterque
672 1854 792 1900 eorum
808 1836 968 1901 salvatus
988 1845 1054 1903 est.
1104 1837 1181 1920 Ap·

235 1934 405 2015 prehenso
431 1933 550 2016 itaque
571 1941 677 2017 ponte
703 1953 765 2016 per
785 1934 1021 2000 fortitudinem
1042 1943 1181 2001 strenue

236 2031 427 2110 militantis,
449 2053 568 2097 omnes
590 2040 721 2097 extunc
743 2040 916 2115 quotquot
939 2035 988 2098 ibi
1008 2053 1181 2098 remanse-

236 2139 315 2194 rant
329 2139 542 2209 corrnerunt,
560 2150 703 2196 numero
720 2139 930 2196 armatorum
948 2131 1019 2196 sere
1042 2140 1181 2197 centum

236 2235 271 2294 et
292 2230 446 2310 peditum
469 2232 570 2312 quasi
593 2231 884 2313 quinquemillia,
906 2231 996 2296 inter
1010 2251 1097 2314 quos
1113 2239 1181 2296 tre·

236 2329 327 2391 centi
350 2329 548 2394 Wallenses
584 2349 663 2394 curn
696 2331 824 2394 multos
854 2331 926 2394 vita
956 2331 1182 2412 privaverant

236 2427 376 2490 tandem
403 2427 544 2510 quidam
565 2446 610 2491 ex
642 2430 693 2493 eis
713 2429 773 2510 qui
794 2424 1030 2494 remanserant
1052 2448 1181 2512 aquam

236 2527 389 2590 natando
425 2527 647 2592 transierunt.
715 2527 814 2591 Unus
853 2527 958 2592 ctiam
994 2529 1093 2592 miles
1135 2549 1181 2593 ex

236 2625 362 2688 nostris
385 2645 463 2690 cum
485 2625 688 2691 difficultate
713 2645 842 2708 aquam
865 2627 1004 2690 transiit
1030 2629 1065 2690 in
1091 2646 1181 2709 equo

236 2729 380 2790 armato.
434 2724 575 2789 Corruit
605 2725 724 2789 eodem
752 2725 808 2787 die
827 2726 928 2789 'inter
952 2725 1076 2789 Sootos
1105 2725 1181 2790 lan-

235 2822 367 2886 cearios
396 2823 667 2904 praenominatus
696 2822 755 2886 ille
786 2822 1022 2887 thesaurarius
1053 2824 1182 2888 domini

236 2920 328 3000 regis
359 2921 518 2986 dominus
549 2920 657 3001 Hugo
694 2920 736 2984 de
769 2920 1036 3002 Cressyngham‚
1068 2931 1296 2994 rectorrvugna

236 3017 391 3082 ecclesiae
413 3019 457 3082 de
479 3018 652 3100 Ruddeby
674 3026 709 3082 et
730 3018 890 3099 capitalis
912 3019 1125 3101 justitiarius
1147 3022 1183 3084 in
1194 2993 1344 3084 ifiiiiiihm

237 3115 357 3178 assisis
383 3116 552 3192 Eborum,·
571 3117 632 3198 qui
655 3135 731 3179 curn
754 3123 847 3180 esset
871 3117 1128 3198 praebendarius
1147 3118 1183 3181 in

236 3215 356 3277 multis
374 3215 797 3291 ecclesiis,etmultarun1
815 3213 958 3279 haberet
974 3233 1091 3279 curam
1110 3217 1184 3279 ani-

237 3325 384 3391 marum,
414 3333 590 3396 nunqnam
623 3321 739 3378 tamen
771 3332 868 3378 arma
900 3313 1097 3396 spiritualia
1129 3316 1185 3379 vel

237 3411 392 3476 casulam
407 3413 533 3488 induit,
549 3413 610 3476 sed
634 3412 770 3493 galeam
787 3420 823 3475 et
834 3413 979 3476 loricam
1002 3413 1038 3474 in
1061 3415 1185 3494 quibus

237 3511 374 3575 corruit.
428 3511 474 3575 Et
489 3513 547 3593 qui
569 3511 687 3593 gladio
711 3511 841 3590 linguae
863 3529 937 3574 suae
958 3511 1085 3575 multos
1103 3513 1185 3576 olim

237 3614 453 3673 exterruerat
469 3611 505 3672 in
514 3610 657 3693 judiciis
674 3610 802 3684 multis,
819 3609 937 3691 gladio
954 3610 1091 3674 tandem
1107 3630 1185 3693 per-

237 3726 412 3771 versorum
440 3708 575 3772 occisus
601 3693 806 3790 est;'que1n
837 3709 1057 3772 excoriantes
1089 3710 1185 3774 Scoti

237 3804 427 3870 diviserunt
463 3808 552 3870 inter
588 3825 626 3870 se
661 3807 785 3888 pellem
821 3807 931 3889 ipsius
965 3807 1001 3869 in
1032 3808 1184 3871 modicas

238 3911 367 3985 partes
392 3925 461 3968 non
484 3905 621 3987 quidem
651 3906 695 3969 ad
719 3904 885 3985 reliquias
912 3904 973 3967 sed
1003 3905 1039 3966 in
1065 3912 1185 3968 contu-

238 4002 383 4076 melias;
424 4011 499 4066 erat
528 4004 617 4067 enirn
647 4003 791 4085 pulcher
817 4009 852 4066 et
887 4020 1030 4082 gressus
1061 4003 1183 4068 nimis:

387 4224 394 4256 ¹
412 4228 454 4275 ‘in
466 4227 564 4289 pedes,’
575 4227 651 4276 Mss.
664 4225 731 4277 cett.
743 4227 821 4287 Vesp.
833 4225 884 4274 and
895 4225 961 4276 Coll.
973 4226 1042 4276 Trin.
