3126 4986
406 467 575 518 warram
600 467 646 514 nn
669 465 951 514 aarrrucnuaen.
1116 447 1159 516 61,

203 621 398 704 iniquitatis
427 624 644 706 propositum
675 623 867 706 adimpleri.
929 623 1008 688 Rex
1043 630 1158 688 autem
1184 630 1311 722 {lp-1292

206 721 377 799 Francia,
416 723 595 787 conductis
627 723 763 786 interim
790 723 937 787 navibus
966 723 1085 786 multis
1117 722 1321 786 deff*

204 822 367 885 Marsilio
380 823 515 887 scilicet
529 830 566 886 et
581 823 623 886 de
640 821 737 886 Gene
760 830 795 886 et
816 823 1045 904 undecunque
1062 831 1161 905 pote·

203 927 272 997 rat,
289 941 454 1002 magnum
481 923 587 985 robur
602 922 777 986 exercitus
798 922 893 986 misit
915 922 950 985 in
973 940 1080 998 mare,
1110 921 1162 986 ita

203 1020 298 1102 quod
323 1020 512 1103 aliquando
531 1021 729 1085 viderentur
755 1021 940 1102 plusquam
964 1037 1161 1084 coenares

206 1139 343 1200 magnae
372 1121 510 1202 signum
546 1127 772 1202 expectantes
803 1119 897 1201 quod
934 1126 1160 1201 acceperant;

204 1238 355 1300 cumque
391 1220 598 1283 mansissent
629 1219 688 1282 diu
720 1239 784 1282 nec
815 1220 951 1300 signum
983 1219 1162 1296 vidissent,
1174 1225 1325 1316 ffiffifsm

206 1318 377 1382 miserunt
394 1338 439 1382 ex
455 1318 601 1383 consilio
625 1319 765 1400 proprio
787 1336 818 1384 v,
834 1318 954 1400 galeas
978 1318 1107 1382 electas
1123 1326 1162 1386 ut
1175 1326 1279 1378 unguas.

208 1424 338 1481 terram
354 1418 596 1500 explorarent3
619 1425 657 1481 at
679 1438 748 1480 una
766 1416 947 1481 ‘earum'¹
965 1438 1038 1501 prae
1058 1426 1162 1482 caete-

205 1517 254 1580 ris
280 1516 449 1581 festinans
474 1516 642 1600 applicuit
669 1517 761 1599 apud
789 1517 932 1600 Hydam
952 1518 1060 1602 juxta
1082 1537 1162 1600 por·

204 1623 279 1680 tum
312 1615 356 1679 de
385 1617 580 1691 Rumenai;
612 1616 705 1698 quod
734 1617 891 1680 videntes
920 1615 1072 1698 Anglici,
1103 1617 1163 1700 qui

206 1715 332 1780 ibidem
375 1715 512 1780 fuerant
544 1716 707 1780 custodes
743 1716 913 1798 deputati,
951 1715 1163 1781 simulabant

206 1814 340 1895 fugam,
367 1823 403 1879 et
429 1835 474 1880 ex
503 1815 647 1879 consilio
672 1815 770 1878 ducis
793 1816 980 1880 eorundem
1006 1823 1160 1880 retraxe-

206 1921 290 1978 runt
306 1933 344 1976 se
364 1921 404 1978 ut
421 1913 612 1978 ferventius
627 1913 744 1979 hostes
760 1915 804 1980 ad
821 1924 948 1979 terram
964 1914 1161 1993 allicerent3

205 2013 277 2079 illis
323 2014 441 2097 itaque
478 2013 691 2095 fugientibus
722 2015 955 2097 insequuntur
991 2014 1063 2090 alii,
1100 2014 1161 2078 sed

206 2111 315 2176 facies
328 2115 610 2178 convertentibus
627 2133 708 2179 mox
723 2121 759 2180 et
775 2115 843 2196 ipsi
859 2122 957 2195 terga
971 2119 1161 2189 verterunt,

208 2219 242 2275 et
260 2214 342 2276 caesi
357 2220 439 2276 sunt
454 2233 573 2277 omnes
589 2213 722 2277 scilicet
738 2219 748 2247 ‘
763 2211 901 2278 corn)2
919 2213 995 2289 viri,
1011 2220 1047 2276 et
1062 2213 1161 2276 navis

208 2330 328 2374 eorum
348 2314 527 2377 combusta
545 2320 611 2377 est:
636 2313 729 2396 quod
744 2313 898 2378 videntes
916 2311 995 2376 aliar
1010 2320 1162 2395 quatuor

208 2418 431 2476 retraxerunt
448 2432 486 2476 se
505 2431 616 2496 usque
638 2413 681 2475 ad
703 2432 865 2494 magnam
886 2414 1046 2489 classem,
1064 2420 1162 2494 pote-

208 2517 287 2574 rant
314 2513 403 2574 enim
427 2511 537 2575 videri
562 2532 584 2576 a
611 2514 749 2590 nustria,
775 2532 838 2576 uec
865 2520 981 2576 tamen
1009 2513 1161 2577 cumeis

209 2610 384 2674 audebant
399 2612 563 2692 congredi
578 2611 753 2676 marinarii
767 2613 889 2688 nostri,
903 2613 1064 2676 timentes
1074 2612 1161 2676 mul·

209 2708 391 2774 titudinem
420 2729 593 2792 magnam.
657 2711 759 2776 Circa
790 2710 916 2776 festum
945 2713 1039 2776 beati
1064 2711 1312 2813 Peifill‘lar

209 2808 254 2872 ad
267 2795 420 2874 Vincula
434 2829 561 2892 magna
581 2830 662 2894 pars
684 2810 839 2897 ejusdem
858 2811 979 2876 classis
994 2811 1161 2895 applicuit
1173 2785 1229 2914 1352
1233 2825 1283 2914 Ἐξ,
1284 2785 1319 2913 ΞΓ

210 2908 304 2989 apud
324 2909 537 2974 Doverniam
559 2919 722 2994 exparte
744 2910 962 2987 occidentali,
988 2911 1046 2974 ubi
1064 2910 1162 2975 nulla
1314 2899 1320 2920 '

210 3007 324 3072 fuerat
346 3010 545 3092 applicandi
564 3012 715 3094 suspicio
738 3030 810 3094 prae
835 3010 1055 3074 multitudine
1078 3010 1163 3090 lapi·

211 3106 293 3170 dum
319 3110 466 3191 atrapis
484 3111 644 3188 excelsae,
659 3113 858 3194 egressique
875 3115 956 3172 sunt
976 3107 1164 3173 bellatores

211 3206 387 3271 fortissimi
406 3210 543 3274 circiter
561 3227 625 3276 xv,
638 3212 749 3275 millia
767 3209 957 3282 hominum,
973 3214 1009 3270 et
1033 3207 1163 3289 spolia-

213 3315 336 3371 verunt
353 3308 566 3373 Doverniam
583 3313 627 3376 ab
645 3311 732 3375 hora
746 3311 858 3394 prima
873 3326 983 3389 usque
998 3306 1068 3372 fere
1083 3327 1163 3371 vos·

212 3424 343 3487 peram,
369 3407 592 3474 incendentes
616 3430 693 3476 eam
717 3411 790 3493 igni
811 3428 874 3491 pro
896 3426 1023 3490 magna
1052 3415 1162 3490 parte.

213 3503 371 3587 Cumque
397 3507 434 3569 in
459 3509 619 3591 ingressu
644 3530 761 3576 eornm
787 3509 958 3591 fugissent
985 3527 1106 3573 omnes
1128 3517 1164 3574 et

211 3603 359 3687 dispersi
379 3606 527 3673 fuissent
549 3610 805 3675 conclamantes
829 3616 863 3673 et
881 3607 1064 3691 ejulanteS,
1081 3629 1162 3674 con·

211 3704 346 3784 globati
371 3714 454 3771 sunt
475 3708 598 3773 incolae
624 3717 660 3774 et
682 3710 933 3773 concurrebant
950 3708 1078 3772 milites
1104 3710 1317 3816 quimerc-

212 3822 330 3868 curam
356 3805 461 3870 maris
484 3807 669 3886 habebant,
685 3809 736 3874 ita
750 3809 843 3894 quod
865 3809 984 3874 eodem
1000 3807 1056 3872 die
1077 3809 1164 3873 hora

211 3905 312 3985 quasi
338 3905 520 3972 undecima
553 3909 671 3974 hostes
699 3909 855 3992 aggressi
888 3913 970 3971 sunt
997 3906 1164 3985 animose,

737 4146 746 4175 ⁹
757 4148 844 4211 ‘ccu.,’
854 4149 928 4199 MSS.
936 4149 1029 4199 Lansd.
1039 4150 1090 4200 and
1100 4150 1165 4202 Coll.

248 4181 254 4212 ¹
273 4183 386 4232 Omitted
398 4185 425 4234 in
438 4183 495 4235 MS.
507 4183 574 4235 Coll.
585 4184 658 4234 Arm.
701 4221 771 4269 Tria·
