3144 4990
408 499 578 553 weuram
602 500 649 546 ua
672 500 955 552 usurucnurcn.
1088 489 1155 553 419

208 654 251 717 ad
290 655 507 718 tractandum
549 656 603 719 de
629 675 715 739 pace
761 658 929 739 praedicta
965 673 1070 742 quam
1108 659 1152 724 ad
1168 677 1259 718 meare
1273 676 1316 716 ιιι.

206 754 392 835 petendum
409 755 686 820 reformationem
704 762 989 838 attemptaturum
1010 761 1153 841 praedic-

1180 731 1206 767 Α.
1213 728 1239 770 De
1251 729 1308 766 1345

1167 810 1251 848 Letterr

208 859 332 927 torum,
366 861 517 918 statutos
560 857 724 920 terminos
763 857 807 937 ad
845 858 894 920 sic
935 860 1152 924 tractandum
1166 859 1276 956 {tffffi

207 953 337 1034 pluries
383 955 613 1035 prorogando,
648 963 826 1021 reservata
872 958 970 1020 nobis
1017 960 1222 1041 sempe1·⁸“¹
1230 969 1280 998 ⁰⁰¹¹

1164 1019 1188 1048 ce
1189 1010 1252 1058 ming
1261 1009 1298 1046 the

207 1051 367 1117 libertate
382 1054 577 1117 resumendi
597 1073 769 1136 guerram,
787 1075 848 1138 per
862 1056 1000 1138 culpam
1016 1058 1151 1139 praefati
1164 1019 1317 1157 ᾞἙιιὶᾚι

209 1150 362 1234 Philippi
379 1153 491 1230 nobis,
508 1161 547 1218 ut
562 1155 772 1236 praedicitur,
788 1155 968 1237 acquisita.
1007 1156 1053 1222 Et
1068 1158 1152 1239 quia
1163 1159 1247 1247 3335,

202 1251 276 1334 jam
305 1251 415 1334 elapsi
438 1263 519 1316 sunt
544 1255 667 1318 statuti
691 1255 827 1317 termini
853 1255 896 1318 ad
922 1257 1151 1334 tractandum,
1164 1258 1229 1308 ¹1¹³ss-

208 1358 244 1414 et
272 1351 383 1414 adhuc
409 1352 504 1416 nulla
522 1352 579 1415 via
602 1353 698 1433 pacis
724 1353 938 1417 rationabilis
964 1356 1063 1418 nobis
1089 1375 1152 1419 seu

206 1447 308 1514 dictis
348 1451 481 1514 nunciis
520 1452 648 1515 nostris
685 1458 738 1514 est
782 1460 917 1534 aperta,
959 1473 1023 1516 nec
1061 1454 1152 1520 idem

208 1548 390 1631 Philippus
420 1557 626 1631 attemptata
648 1551 815 1633 praedicta
838 1552 873 1614 in
898 1551 1016 1635 aliquo
1044 1554 1151 1619 refor-

205 1667 301 1712 mare
318 1650 467 1725 curavit,
480 1648 561 1712 licet
584 1669 646 1730 per
665 1650 784 1714 literas
807 1649 889 1714 dicti
911 1653 1035 1716 summi
1066 1673 1153 1734 pon·

207 1746 310 1811 tiliois
340 1767 444 1829 super
468 1748 533 1811 hoc
561 1749 628 1811 sibi
652 1748 776 1812 missas
802 1756 946 1830 rogatus
972 1750 1095 1816 firisset
1117 1758 1153 1816 et

209 1847 372 1923 monitus,
400 1847 490 1910 sicut
512 1847 602 1910 idem
630 1847 789 1911 dominus
815 1866 970 1912 summus
995 1849 1153 1931 pontifex

209 1965 271 2027 per
318 1946 438 2010 literas
468 1965 550 2009 suas
594 1947 694 2010 nobis
737 1946 888 2028 scripsit,
918 1947 978 2012 sed
1018 1967 1153 2030 semper

208 2045 482 2126 multiplicantur
518 2053 639 2110 contra
682 2065 746 2108 nos
793 2047 974 2128 tyrannide
1016 2049 1152 2129 conspi-

207 2145 360 2208 rationes
383 2153 419 2208 et
439 2145 641 2226 alligantiae‚
665 2145 700 2208 in
722 2146 978 2209 subversionem
999 2153 1152 2212 nostram

207 2263 269 2326 per
299 2244 481 2326 praefatum
515 2243 713 2326 Philippum
753 2250 874 2307 contra
904 2244 1050 2310 formam
1080 2245 1152 2309 dio·

208 2350 322 2406 tarum
357 2350 556 2424 treugarum
596 2342 740 2407 subdole
773 2343 992 2422 machinatae,
1023 2352 1064 2408 ut
1097 2353 1152 2410 ta-

208 2462 347 2507 ceamus
362 2443 406 2506 de
424 2443 623 2507 excessibus
649 2462 712 2525 per
737 2443 900 2506 nuncium
921 2443 1004 2507 dicti
1019 2444 1153 2510 summi

209 2543 392 2622 pontificis,
416 2543 548 2624 pridem
575 2561 639 2624 pro
664 2543 924 2607 conservatione
952 2550 1153 2624 treugarum

208 2641 450 2723 praedictarum
466 2643 608 2705 missum
623 2643 659 2705 iu
679 2643 907 2718 Britanniam,
922 2644 1150 2725 perpetratis;

208 2742 268 2821 qui
298 2741 392 2824 quod
422 2741 560 2805 sedasse
592 2741 711 2805 debuit
739 2741 918 2805 dissidium
949 2743 1153 2824 propensius

209 2839 390 2916 excitavit,
425 2859 494 2902 non
530 2848 808 2904 conservatorem
842 2848 1054 2920 treugarum,
1091 2841 1152 2905 sed

208 2947 342 3018 partem
355 2945 477 3002 contra
492 2957 555 3001 nos
571 2945 606 3001 et
623 2946 760 3002 nostros
772 2939 886 3020 potius
899 2958 937 3001 se
948 2939 1151 3017 ostendens3

209 3057 314 3120 super
330 3055 399 3118 quo
415 3037 504 3101 idem
523 3038 680 3101 dominus
700 3055 854 3100 summus
870 3038 1037 3119 pontifex,
1054 3037 1153 3101 salva

208 3157 294 3219 pace
309 3157 384 3212 sua,
399 3137 583 3200 remedium
600 3156 670 3200 non
684 3136 851 3212 adhibuit,
866 3136 947 3200 licet
968 3156 1072 3218 super
1089 3136 1154 3200 hoo

210 3235 343 3314 fuisset,
375 3244 415 3299 ut
452 3236 578 3312 decuit,
609 3235 807 3317 requisitus,
836 3253 941 3317 penes
975 3236 1087 3300 Deum
1119 3243 1155 3298 et

209 3335 364 3399 homines
378 3337 539 3399 excusari
552 3336 727 3412 dehemus,
744 3336 775 3398 si
789 3333 904 3398 illatas
919 3335 1037 3398 nohis‘
1050 3327 1153 3397 vim'¹

210 3442 245 3499 et
284 3435 441 3518 injurias,
484 3454 562 3498 cum
601 3434 694 3497 aliud
738 3454 807 3498 non
851 3434 1060 3516 reperiamus
1102 3452 1154 3500 re-

209 3534 372 3611 medium,
409 3535 660 3617 propulsemus,
690 3534 880 3616 praesertim
908 3553 986 3598 cum
1013 3551 1154 3596 causam

205 3633 435 3716 justissimam
477 3641 512 3697 et
547 3632 675 3697 mundo
709 3632 924 3696 notissimam
954 3632 1153 3696 habeamus.

211 3733 256 3796 Et
270 3733 349 3796 ideo
365 3739 576 3816 reputantes
588 3733 677 3796 sicut
693 3739 786 3809 sunt,
802 3740 944 3812 treugas
961 3731 1156 3814 praedictas,

210 3851 254 3895 ex
279 3833 393 3895 causis
415 3832 588 3915 praedictis
610 3850 697 3912 quas
723 3833 860 3907 scimus,
878 3838 913 3894 et
936 3850 999 3913 pro
1025 3830 1102 3892 loco
1121 3836 1156 3892 et

209 3937 363 4014 tempore
380 3933 525 4014 probare
542 3929 699 3994 volumus
711 3949 785 3992 esse
801 3949 913 4006 verae,
924 3936 959 3992 et
974 3929 1156 4011 praefatum

212 4029 411 4113 Philippum
435 4038 470 4094 et
493 4029 706 4092 adhaerentes
728 4029 806 4102 sibi,
833 4029 984 4091 maxime
1006 4028 1042 4090 in
1065 4027 1158 4089 dicto

457 4251 464 4283 ¹
483 4254 608 4315 Supplied
621 4255 684 4303 from
696 4255 753 4304 MS.
766 4254 842 4306 Harl.
853 4258 911 4303 655.

986 4360 1000 4394 n
1012 4360 1027 4393 s
1038 4349 1054 4394 2
