3166 4992
427 485 597 557 wnnrsur
621 509 667 556 nn
684 503 977 557 'unuiucauacu
1109 491 1175 556 227

225 659 378 742 Angliae,
394 667 546 746 quierat
565 666 631 729 sibi
649 673 732 731 tunc
749 665 909 730 inimicus
927 664 1109 746 capitalis;
1137 673 1174 730 ct
1195 679 1321 779 {affigo}

224 763 368 827 recessit
399 784 514 828 comes
551 766 674 842 iratus,
705 771 741 830 et
780 772 908 829 extunc
934 782 1064 828 vexare
1093 756 1336 861 enm,·,1,'43,„'0„,'e

225 861 332 942 coepit
349 883 411 926 rex
431 865 467 927 in
489 872 656 946 quantum
678 865 800 946 potnit.
854 863 979 928 Comes
996 883 1078 927 vero
1100 883 1169 928 non
1184 865 1334 960 ffifflggffl

226 958 344 1023 videns
360 961 454 1026 aliud
473 963 671 1040 remedium,
683 963 869 1028 associavit
883 982 921 1026 se
933 963 1006 1044 regi
1019 961 1171 1044 Angliae,
1183 961 1332 1051 {lgffigf‘ff

225 1063 261 1120 et
279 1077 397 1125 omnes
417 1061 571 1126 Francos
588 1062 691 1146 ejecit
715 1062 758 1127 de
778 1069 871 1126 terra
892 1079 967 1125 sua.
1020 1061 1066 1125 Et
1080 1081 1170 1143 prae-

225 1156 314 1221 stitit
328 1161 360 1223 ei
377 1179 439 1224 rex
453 1180 553 1224 suum
571 1160 752 1237 auxilium,
767 1160 857 1224 sicut
878 1161 1039 1242 superius
1058 1150 1169 1225 conti-

225 1263 337 1322 netur.
391 1259 478 1324 Post
500 1261 601 1344 cujus
627 1279 813 1336 recessum,
829 1267 997 1325 venerunt
1016 1259 1170 1344 adprae-

223 1355 354 1420 dictum
385 1359 545 1424 comitem
575 1359 734 1425 dominus
761 1357 908 1424 Carolus
939 1358 1046 1421 frater
1074 1359 1165 1439 regis

221 1453 386 1520 ‘Franciae
409 1466 445 1523 et
468 1477 581 1523 comes
603 1459 646 1522 de
678 1457 844 1540 Arthoys,
867 1449 1067 1522 inducentes
1088 1475 1168 1520 eum

225 1556 340 1619 verbis
369 1557 521 1638 pacificis
547 1558 742 1640 quodcum
773 1558 822 1622 eis
845 1557 985 1622 veniret
1001 1547 1168 1632 Parisius,

226 1655 290 1717 sub
301 1674 363 1737 spe
374 1658 565 1721 concordiae
576 1657 758 1736 faciendae3
775 1646 1024 1742 otjuraverunt
1035 1656 1079 1732 ei,
1089 1656 1168 1719 etin

226 1751 293 1817 fide
314 1753 446 1820 militiae
461 1757 704 1838 promiserunt,
720 1756 812 1838 quod
834 1757 865 1820 si
882 1755 1083 1820 concordari
1100 1773 1168 1818 non

226 1861 380 1936 possent,
390 1863 520 1920 extunc
535 1856 671 1920 salvum
682 1875 761 1918 eum
777 1844 979 1919 reducerent
989 1855 1025 1918 in
1041 1863 1168 1917 terram

221 1969 321 2016 suam
338 1953 373 2016 in
391 1954 533 2018 eundem
551 1955 665 2019 locum
679 1954 769 2018 unde
781 1954 1011 2020 abduxerant.
1050 1951 1168 2015 Credi·

224 2051 354 2133 ditque,
365 2060 400 2116 et
410 2055 495 2118 abiit
504 2073 582 2117 cum
592 2055 818 2134 eis,etarege
829 2049 1167 2117 dolosc‘detentus’¹

224 2157 278 2213 est
299 2159 334 2215 et
356 2151 600 2217 incarceratus.
654 2150 756 2230 Quod
785 2151 905 2215 videns
931 2150 1038 2214 frater
1065 2149 1167 2230 regis,
1231 2142 1233 2146 ’

225 2249 386 2331 quicum
413 2253 447 2315 in
476 2251 544 2314 lide
571 2234 784 2334 susceperat,
815 2270 877 2313 nec
910 2249 1057 2312 liberare
1088 2268 1165 2312 eum

225 2348 357 2426 valens,
369 2351 523 2432 perrexit
533 2351 676 2422 iratusa
692 2350 798 2414 fratre
810 2368 873 2412 suo
888 2349 931 2416 ad
939 2347 1073 2411 'curiam
1086 2367 1166 2428 pro-

224 2466 361 2528 poranS,
377 2455 416 2512 ut
430 2449 658 2513 absolutionis
674 2448 876 2514 beneficium
892 2448 956 2511 ‘de
966 2447 1166 2530 Juramcnto

223 2544 335 2610 fracto
346 2547 374 2582 '²
385 2549 549 2630 consequi
563 2555 764 2623 mereretur,
777 2548 837 2611 ubi
849 2567 870 2610 a
879 2565 972 2628 papa
985 2544 1165 2609 Bonifacio

225 2652 350 2710 unctus
384 2648 497 2710 estin
524 2667 640 2729 rogem
667 2646 806 2722 Siciliae,
834 2653 874 2709 ut
900 2653 1022 2708 contra
1048 2663 1165 2725 regem

224 2742 426 2826 Aragonum
450 2765 591 2812 cansam
619 2753 655 2809 et
678 2754 808 2810 statum
824 2744 994 2808 Romanae
1010 2742 1165 2807 ecclesiae

223 2852 502 2927 prosequeretur.
570 2843 640 2923 Qui
675 2845 786 2908 multa
815 2843 980 2925 expendit
1009 2843 1060 2904 in·
1085 2862 1167 2923 pos·

222 2949 354 3021 ternm3
379 2944 439 3006 sed
464 2962 586 3025 parum
612 2942 769 3025 proiecit,
788 2933 823 3005 et
846 2941 984 3005 demum
1007 2959 1166 3003 reversus

223 3046 277 3104 est
292 3041 335 3104 ad
350 3041 492 3106 fratrem
503 3041 578 3104 sine
591 3061 706 3122 regno.
738 3040 889 3106 Retenta
899 3041 1017 3122 itaque
1029 3039 1166 3114 comite,

222 3139 283 3203 filii
310 3139 385 3224 ejus
412 3141 676 3204 insurrexerunt
701 3159 764 3223 pro
790 3159 843 3216 eo,
868 3146 903 3202 et
926 3144 1167 3220 prosperatum

222 3246 276 3303 ast
289 3240 468 3320 negotium
480 3241 514 3303 in
528 3240 685 3303 manibus
695 3259 825 3314 eorum,
838 3239 928 3301 sicut
941 3256 1048 3319 supra
1061 3243 1166 3318 patet.

223 3338 270 3402 Et
284 3346 364 3422 post
378 3358 487 3403 annos
501 3357 644 3420 paucos,
655 3357 732 3405 cum
749 3338 942 3402 ordinasset
956 3355 1048 3422 papa
1060 3335 1166 3402 Boni-

223 3437 333 3501 facins
352 3459 416 3520 pro
438 3439 530 3502 bono
554 3439 650 3520 pacis
676 3437 897 3518 maritagium
919 3437 1012 3518 regis
1027 3433 1167 3516 Angliae

222 3555 299 3600 cum
326 3556 446 3601 sorore
473 3539 566 3618 regis
591 3537 759 3614 Franciae,
782 3544 818 3600 et
841 3535 902 3598 filii
930 3537 983 3599 sni
1011 3533 1168 3616 praedicti

221 3653 300 3699 cnm
318 3636 389 3700 filia
406 3637 497 3718 regis
507 3655 612 3718 quam
627 3657 697 3702 non
711 3636 846 3712 dilexit,
857 3642 995 3700 mortua
1010 3643 1063 3697 est
1081 3635 1169 3715 prae-

222 3735 317 3798 dicta
338 3735 410 3798 filia
430 3735 566 3800 comitis
587 3737 622 3802 in
640 3736 743 3799 domo
766 3735 857 3816 regis
880 3733 1049 3808 Franciaa,
1064 3740 1112 3808 et,
1130 3739 1169 3793 nt

222 3828 413 3910 dicebatur,
438 3854 572 3898 veneno
600 3836 767 3910 extincta,
791 3853 835 3897 ne
861 3829 1110 3895 ‘duceretur'³
1133 3830 1168 3894 iu

221 3939 397 4014 posterum
413 3933 520 3996 a'filio
536 3933 629 4014 regis
646 3932 784 4014 Angliae
801 3932 861 4014 qui
876 3931 1000 3996 dilexit
1017 3948 1105 3992 eam.

256 4189 266 4290 l
280 4189 611 4312 gffiietssggsj'fflssuliaffl
742 4219 752 4248 ²
770 4219 966 4279 ‘induceretur,'
979 4217 1035 4268 MS.
1048 4217 1141 4268 Larrsd.

1025 4348 1073 4394 02
