3144 4990
400 473 468 541 382
734 503 736 508 .
778 487 987 540 ennosroou

242 658 334 752 effi
338 659 390 751 ³213-
404 647 559 732 ejusdem
575 647 675 728 regni
693 647 814 723 nostri,
832 663 932 710 nonae
946 645 1058 729 pertis
1075 645 1274 726 garbarum,
1291 663 1356 726 ag·

242 739 394 837 ᾗῇ
404 765 540 824 norum,
552 754 588 811 et
598 746 760 811 vellerum
772 763 924 820 suorum,
934 751 1062 826 praeter
1075 743 1243 810 decimam
1257 745 1356 807 nobis

241 808 393 946 ffigffi
406 865 428 910 a
451 846 542 911 clero
568 863 767 910 concessam
789 843 860 907 tale
882 844 981 907 nobis
1001 842 1125 908 dedere
1151 843 1354 919 subsidium,

242 947 367 986 “m-
406 946 539 1028 quodsi
550 944 696 1008 fideliter
707 943 890 1008 collectum
901 943 1025 1006 diisset
1036 948 1355 1023 congmotempone

406 1050 443 1108 et
458 1045 650 1119 obtentum,
675 1041 723 1106 nd
735 1043 993 1124 expeditionem
1012 1040 1116 1104 dictae
1132 1059 1277 1121 guerrae,
1295 1041 1355 1104 de·

406 1145 557 1207 bitomrn
581 1142 788 1206 solutionem
814 1148 851 1204 et
875 1139 1089 1203 inimicorum
1118 1139 1352 1204 confusionem

405 1259 476 1306 non
491 1242 663 1306 modicum
677 1239 921 1304 adminiculum
938 1239 1177 1320 praesfitisset3
1199 1245 1236 1301 et
1249 1239 1351 1316 forte,

406 1340 593 1404 multorum
642 1338 829 1402 secundum
870 1338 1079 1420 opinionem,
1122 1337 1354 1400 verisimiliter

406 1439 608 1504 suffecisset.
661 1437 759 1501 Idem
782 1435 1061 1518 archiepiscopus
1085 1435 1130 1498 ad
1159 1435 1242 1498 dicti
1267 1438 1351 1500 sub-

405 1537 485 1601 sidii
501 1537 740 1602 collectionem
755 1543 791 1600 et
802 1535 949 1598 aliorum
964 1535 1063 1598 nobis
1080 1535 1352 1598 necessariorum

405 1635 759 1701 subministrationem
799 1635 925 1698 iterum
961 1634 1120 1716 promisit
1167 1632 1353 1698 efficaciter

406 1735 624 1818 interponere
638 1741 759 1817 partes
783 1751 876 1797 suas.
924 1733 1025 1798 Unde
1059 1751 1134 1808 nos,
1161 1731 1237 1814 ejus
1269 1753 1350 1814 pro-

405 1835 625 1898 missionibus
660 1831 878 1908 inhaerentes,
909 1832 1094 1913 resumptis
1123 1830 1253 1896 viribus
1287 1851 1349 1896 na-

407 1933 502 2014 vigio
540 1933 584 1996 ad
627 1933 692 1996 hoc
732 1939 946 2012 congregato
986 1949 1109 1995 versus
1150 1929 1351 1995 Flandriam

405 2031 624 2113 navigantes,
639 2031 823 2095 commisso
839 2030 939 2112 gravi
958 2029 1082 2112 proelio
1101 2029 1254 2093 uaritioo
1271 2050 1350 2094 oum

406 2131 563 2195 hostibus
588 2131 649 2213 qui
670 2130 705 2193 in
726 2137 881 2194 nostram
901 2136 939 2194 et
961 2129 1069 2193 totius
1091 2128 1205 2210 gentis
1220 2136 1350 2194 nostrae

406 2227 600 2312 Anglorum
624 2228 810 2312 perniciem
834 2227 1124 2311 conjuraverunt3
1156 2227 1349 2292 misericor-

405 2325 548 2394 dissima
575 2328 661 2412 Ejus
686 2327 868 2392 clementia
892 2327 953 2409 qui
980 2326 1092 2390 ventis
1113 2333 1151 2390 et
1172 2328 1261 2390 mari
1282 2327 1348 2391 im-

406 2437 516 2510 perat,
530 2447 600 2490 non
625 2427 754 2492 nostris
775 2427 917 2502 meritis
940 2425 1188 2490 obtinuerimus
1209 2425 1254 2488 de
1268 2433 1347 2490 tan-

404 2535 520 2590 torum
549 2525 699 2590 hostium
720 2525 941 2589 multitudine
963 2542 1147 2588 numerosa
1170 2525 1348 2589 victoriam

402 2632 440 2688 et
463 2624 686 2707 triumphum.
747 2622 830 2701 Quo
856 2631 1010 2706 peraeto,
1037 2641 1115 2686 cum
1146 2625 1348 2705 praegrandi

401 2725 572 2800 exercitu,
600 2741 664 2805 pro
692 2719 822 2806 jurium
848 2729 1045 2786 nostrorum
1073 2723 1346 2804 recuperatione,

398 2823 527 2887 exinde
548 2821 820 2905 progredientes,
839 2821 1076 2885 castrametati
1097 2839 1216 2884 sumus
1238 2841 1344 2904 prope

396 2922 578 2987 civitatem
611 2922 835 2985 fortissimam
873 2921 1140 2996 Tornacensem,
1177 2922 1213 2983 in
1245 2919 1344 3003 cujus

397 3021 577 3086 obsidione
601 3019 813 3103 aliquamdiu
846 3019 978 3102 jugiter
1002 3019 1174 3101 occupati,
1196 3025 1234 3082 et
1263 3039 1342 3084 con·

398 3120 543 3185 donatis
568 3120 731 3201 expensis
758 3125 793 3182 et
815 3116 994 3181 laboribus
1019 3117 1169 3198 fatigati,
1195 3127 1343 3200 praesto·

397 3219 510 3284 lantes
538 3221 574 3283 in
603 3217 739 3282 silentio
764 3217 971 3298 promissum
994 3217 1095 3279 nobis
1116 3216 1342 3299 adjutorium,

394 3320 622 3400 sperabamus
643 3316 753 3380 indies
772 3315 963 3379 ministerio
982 3315 1068 3379 dicti
1091 3316 1342 3398 archiepiscopi

396 3416 432 3479 in
451 3425 503 3481 tot
516 3425 554 3481 et
571 3417 607 3480 in
625 3416 731 3480 tantis
747 3414 875 3478 nostris
890 3414 1155 3478 necessitutibus
1171 3415 1339 3492 relevari3

385 3515 536 3578 tandem
558 3535 619 3596 spe
642 3521 812 3596 concepta
834 3512 1002 3590 frustrati,
1031 3512 1113 3576 licet
1137 3533 1199 3594 per
1223 3513 1340 3596 plures

394 3614 541 3678 nuncios
554 3620 592 3676 et
608 3613 764 3676 diversas
781 3613 899 3676 literas
915 3611 1014 3694 plene
1028 3611 1340 3692 significaverimus

395 3711 543 3796 presiate
558 3710 830 3793 archiepiscopo,
845 3719 881 3774 et
894 3711 974 3774 aliis
988 3710 1193 3774 consiliariis
1212 3712 1339 3774 nostris

393 3811 461 3874 sibi
477 3809 744 3886 adhaerentibus,
759 3815 896 3874 nostras
911 3809 1120 3891 indigentias
1135 3818 1171 3874 et
1185 3811 1341 3891 pericula

392 3910 494 3974 veria
518 3910 643 3993 quibus
660 3909 810 3990 expositi
827 3908 993 3972 fuerimus
1011 3915 1153 3990 propter
1170 3908 1340 3976 desectum

393 4008 554 4090 premissi
589 4008 732 4073 subsidii
760 4008 951 4084 memorati,
985 4007 1169 4071 utilitatem
1202 4009 1341 4090 insuper

389 4119 427 4171 et
466 4108 629 4172 honorem
674 4125 761 4190 quos
803 4126 848 4169 ex
873 4124 1043 4169 succursu
1072 4107 1228 4188 pecuniee
1261 4128 1340 4170 con-

388 4207 592 4287 scripsimus
618 4225 682 4270 nos
709 4225 810 4288 posse
834 4205 982 4268 faciliter·
1010 4206 1178 4282 obtinere,
1206 4206 1338 4286 nullum
