3144 4990
406 476 577 525 wanrnar
602 478 649 524 nn
672 477 954 525 Mantuanuncu.
1092 460 1158 524 415

252 629 354 694 Anno
368 631 509 694 Domini
530 649 569 696 M
573 649 757 710 cccxciv„
778 651 838 695 xv.
855 613 910 697 die
934 631 1156 708 Novembris,
1171 647 1261 688 edward
1277 646 1320 686 111·

207 729 366 793 dominus
392 749 485 813 papa
509 729 590 794 fecit
614 751 719 794 unum
747 733 935 815 principem
962 732 999 795 iu
1025 732 1324 795 consis--ss-
1171 698 1299 828 Mo'myl·

208 829 300 892 torio
314 828 464 912 publico,
488 830 547 893 uhi
571 833 724 894 maxima
746 831 813 896 fuit
834 831 954 913 populi
973 849 1154 914 pressura;
1170 830 1288 918 ffffigjq,

210 936 246 992 et
275 928 312 990 in
343 929 516 992 creatione
546 928 638 993 illius
672 931 860 1012 assumpsit
896 948 959 1011 pro
992 929 1155 1004 themate,
1170 929 1238 968 Μ·

1170 978 1268 1017 crowned

210 1025 339 1103 dicens,
358 1027 535 1090 “Faciam
561 1028 750 1109 principem
773 1048 877 1110 super
902 1036 1039 1109 gentem
1062 1047 1157 1109 mag·
1171 1025 1322 1125 §fflgffi

210 1124 326 1201 nam‚''
361 1133 396 1189 et
427 1126 554 1207 optime
588 1127 790 1208 praedicavit
821 1135 856 1190 et
888 1128 1160 1209 prosequebatur

211 1225 403 1301 materiam,
421 1231 456 1288 et
478 1225 626 1306 qualiter
648 1225 692 1290 ad
718 1227 832 1308 ipsum
853 1227 1019 1307 pertinuit
1038 1224 1158 1308 hujus-

212 1321 304 1387 modi
337 1324 467 1387 creatio
503 1325 634 1405 optime
659 1325 786 1406 tetigit.
848 1324 894 1388 Et
919 1324 983 1388 suit
1011 1324 1069 1388 ille
1100 1325 1160 1406 qui

211 1428 351 1486 oreatus
395 1421 462 1485 fuit
502 1439 592 1486 unus
635 1443 680 1486 ex
720 1423 1028 1487 ambassiatorihus
1068 1423 1160 1502 regis

213 1520 385 1597 Franciae,
402 1521 594 1585 vocabatur
617 1521 776 1586 dominus
796 1520 995 1586 Ludovicus
1015 1521 1058 1584 de
1074 1520 1160 1583 His-

212 1617 341 1700 pania,²
359 1626 394 1683 ot
416 1619 610 1685 nominavit
626 1621 753 1702 ipsum,
770 1619 965 1702 Principem
984 1620 1160 1696 Fortunae,

212 1717 286 1781 sive
304 1716 500 1780 Insularum
518 1717 812 1783 Fortunatarum.²
864 1719 909 1783 Et
925 1719 986 1782 illo
1001 1718 1056 1782 die
1070 1738 1160 1800 papa

213 1815 295 1880 iecit
318 1834 479 1898 magnam
506 1817 770 1894 solemnitatem,
798 1825 834 1881 et
862 1817 973 1880 tenuit
997 1835 1161 1898 magnum

213 1914 362 1979 festum:
404 1920 439 1978 et
473 1915 529 1978 die
562 1917 719 1996 sequenti
755 1915 914 1999 princeps
950 1915 1009 1979 ille
1050 1916 1162 1979 tenuit

213 2014 340 2077 festum
356 2012 497 2080 solenne
513 2014 604 2096 apud
623 2015 749 2078 fratres
764 2015 1030 2080 Praedicatores.
1072 2014 1160 2077 Fac.-

214 2119 288 2176 tum
316 2113 437 2194 utique
468 2113 570 2176 laude
594 2113 735 2194 dignum
764 2115 888 2178 fuisset
921 2114 951 2177 si
982 2113 1161 2194 pacificam

212 2212 464 2293 possessionem
495 2211 715 2278 contulisset:
755 2223 835 2276 sunt
866 2213 957 2276 enim
988 2211 1161 2293 praedictae

213 2310 334 2376 insulae
349 2329 472 2375 novem
483 2311 539 2374 vel
554 2310 684 2386 decem,
700 2313 780 2377 etin
791 2311 859 2376 illis
871 2311 992 2374 insulis
1009 2317 1090 2374 sunt
1100 2310 1162 2373 ho-

214 2409 324 2476 mines
339 2410 400 2492 qui
421 2429 490 2472 nou
513 2417 594 2473 sunt
613 2409 801 2474 Christiani
826 2430 891 2474 nec
910 2410 1085 2485 Saraceni,
1100 2408 1160 2472 sed

155 2544 157 2550 .
213 2507 337 2571 vivunt
363 2509 454 2574 sicut
480 2509 612 2585 hestiae,
632 2517 668 2571 et
692 2509 856 2574 incedunt
879 2509 973 2584 nudi,
1000 2515 1035 2572 et
1059 2507 1163 2571 blada

213 2607 262 2671 ibi
281 2613 440 2674 crescunt
458 2625 527 2670 non
550 2607 730 2684 seminata,
749 2616 784 2672 et
804 2625 926 2690 panem
953 2626 1053 2670 snum
1074 2607 1163 2669 scin·

215 2705 301 2769 dunt
324 2725 403 2770 cum
427 2705 612 2787 lapidibus,
630 2714 665 2769 et
687 2726 765 2770 cum
792 2707 920 2770 talibus
945 2707 1049 2768 armis
1074 2725 1161 2786 pug-

215 2801 326 2880 nant,s
341 2805 423 2886 quia
445 2824 514 2867 non
542 2803 669 2868 habent
693 2805 833 2882 serrum,
858 2823 971 2885 neque
993 2803 1163 2879 cultellos,

215 2919 278 2964 nec
310 2901 380 2964 alia
417 2919 534 2980 arma3
567 2910 602 2965 et
632 2902 680 2965 ihi
717 2905 877 2966 crescunt
913 2904 1054 2966 arbores
1085 2921 1163 2983 quae

214 2999 344 3064 hahent
356 3000 394 3063 in
407 3000 621 3081 longitudine
636 3017 722 3064 oxu.
738 3001 855 3083 pedes.

251 3237 258 3268 ¹
276 3241 339 3290 'l'his
357 3255 411 3289 was
427 3240 487 3288 Don
505 3240 577 3302 Luis,
594 3240 678 3288 Count
736 3237 1164 3304 'Heylin,inhisOosmography,

214 3309 677 3371 osClaramonte,eonotDonAlonzo
702 3323 762 3370 says
782 3309 838 3358 thet
866 3309 908 3360 the
931 3311 1013 3371 Pope,
1034 3315 1060 3359 to
1087 3313 1164 3360 assist

213 3379 387 3430 delsCerda.
422 3379 466 3428 He
476 3394 531 3430 was
542 3380 677 3428 sornamed
703 3379 795 3428 Princo
814 3378 878 3428 Luis
894 3380 921 3427 in
934 3379 977 3428 the
1000 3385 1123 3440 conquest
1137 3382 1164 3430 ot

213 3449 256 3496 the
268 3447 451 3509 Disinherited,
459 3448 521 3496 from
530 3448 571 3496 his
582 3448 676 3510 having
701 3447 742 3496 the
755 3448 860 3507 islanda,
872 3449 967 3497 caused
982 3449 1061 3497 levies
1072 3449 1101 3498 of
1114 3451 1165 3498 sol-

213 3517 277 3566 bcen
287 3517 411 3578 deprived
421 3517 451 3566 ot·
464 3517 506 3566 the
518 3517 639 3579 kingdom
651 3519 680 3566 ol
700 3517 768 3566 diers
779 3523 805 3565 to
816 3519 847 3566 be
862 3518 936 3565 made
951 3517 1010 3566 both
1024 3519 1050 3565 in
1067 3519 1162 3568 Franco

215 3585 313 3636 Gastile
323 3587 357 3647 by
368 3586 409 3634 his
422 3587 507 3648 uncle,
517 3586 616 3636 Sancho
627 3587 674 3636 1v.
700 3587 751 3636 and
768 3587 845 3648 Italy.
882 3587 989 3649 Heylin,
1005 3603 1032 3649 p.
1047 3592 1105 3650 935,
1121 3590 1163 3638 ed.

214 3655 276 3704 This
293 3660 366 3718 grant
382 3655 411 3704 of
424 3655 466 3703 the
483 3655 609 3706 Oanaries
620 3671 675 3704 was
702 3660 773 3706 170³.

164 3775 168 3785 ¹
214 3725 288 3772 made
307 3724 402 3772 tobim
423 3725 518 3785 hythe
541 3725 622 3786 Pope,
643 3740 675 3774 on
735 3722 907 3787 ³According
923 3730 949 3774 to
967 3725 1041 3787 Glas,
1058 3726 1100 3774 the
1117 3741 1163 3775 na-

213 3793 341 3844 condition
353 3793 408 3844 that
418 3792 450 3844 he
461 3794 547 3845 would
559 3794 675 3844 dissemi-
700 3794 765 3842 tiras
787 3793 893 3844 dressed
919 3795 946 3842 in
973 3796 1015 3844 the
1040 3796 1113 3846 hides
1138 3797 1167 3844 of

213 3867 271 3910 nate
289 3862 331 3910 the
351 3861 447 3923 Gospel
465 3877 557 3926 among
573 3864 615 3912 the
631 3878 675 3915 na·
700 3863 779 3924 sheep
791 3864 842 3912 and
854 3864 994 3924 gemaene
1002 3863 1092 3925 fought
1100 3865 1163 3912 with

212 3931 287 3981 tives.
323 3930 397 3993 Glas,
410 3931 557 3992 Historyos
571 3931 675 3998 theca-
701 3931 781 3978 sticks
803 3931 887 3979 which
911 3931 972 3993 they
990 3933 1077 3981 ¹called
1099 3933 1162 3980 Tez-

213 4015 277 4062 nary
288 3999 399 4050 lrtnnda
411 4004 484 4054 lter.
702 4015 782 4049 zenas.
