3144 4990
406 499 575 548 wnnrnnr
601 500 648 546 nn
671 497 955 552 unurncnuacn.
1089 485 1156 549 373

203 655 401 734 baronssrus,
415 656 562 740 aliisque
580 657 678 738 regni
694 657 907 740 proceribuS‚
924 665 1051 723 etcum
1066 667 1258 723 com-numu
1275 677 1319 744 nr.

204 755 375 820 munitate
404 759 504 839 regni
546 756 686 838 Angliae
717 750 932 839 congregati,
962 759 1006 821 ad
1041 759 1155 841 ipsum
1167 728 1324 851 ,23:0³5

203 852 319 918 venire
333 857 472 932 arctati,
486 857 728 922 necessitatem
742 857 944 937 praedictam
962 858 1275 940 promptissumo

202 951 388 1031 intuentes,
411 974 538 1019 nonam
562 957 718 1036 garbam,
736 975 864 1019 nonum
887 975 1027 1037 agnum,
1043 965 1079 1020 et
1094 977 1155 1020 no·
1167 908 1316 1000 f‘ffetffl'

205 1069 287 1114 num
304 1053 414 1118 vellus
441 1074 501 1136 per
525 1054 700 1118 biennium
722 1061 807 1118 tunc
830 1055 989 1136 proximo
1018 1011 1282 1120 εθοῑιῒιι-ἒὲῗιιέοοιῖιιοῐ

203 1169 292 1227 rum,
326 1153 417 1218 sicut
444 1154 510 1235 ipsi
542 1153 697 1230 comites,
728 1155 887 1229 barones,
917 1173 1087 1235 proceres,
1120 1165 1155 1220 et

202 1252 430 1316 communitas
444 1251 610 1334 praedicta
634 1260 880 1316 concesserunt
900 1252 992 1316 dicto
1014 1253 1153 1318 domino

204 1350 277 1428 regi
292 1351 356 1412 sub
371 1351 474 1414 certis
495 1350 606 1414 modis
621 1358 656 1415 et
672 1350 926 1415 conditionibus
941 1351 1052 1414 eidem
1070 1352 1154 1416 libe-

203 1446 322 1511 raliter
333 1448 497 1513 duximus
509 1450 786 1514 concedendum:
811 1450 862 1512 ita
873 1450 1044 1526 videlicet,
1061 1451 1152 1531 quod

204 1546 288 1609 nulli
306 1548 442 1628 praelati
456 1549 511 1611 vel
535 1549 638 1612 etiam
661 1549 787 1630 aliquis
808 1547 853 1611 de
873 1548 966 1612 clero
988 1549 1153 1631 praedicto

203 1645 246 1708 ad
274 1645 470 1728 hujusmodi
493 1667 593 1712 nonae
614 1647 878 1713 contributionis
902 1647 1154 1729 ‘portionem’l

204 1744 422 1825 aliquatenus
447 1752 658 1822 tenerentur,
685 1747 751 1810 nisi
775 1753 911 1810 tantum
935 1746 986 1809 illi
1010 1748 1069 1828 qui
1093 1767 1156 1828 per

204 1845 382 1907 baroniam
402 1852 570 1921 tenerent,
594 1854 628 1909 et
646 1846 689 1908 ad
705 1846 797 1924 regis
819 1845 1082 1926 parliamentum
1103 1855 1153 1910 te-

203 1951 365 2006 narentur
382 1945 518 2022 venire;
541 1945 701 2026 quodque
720 1944 764 2006 ad
778 1943 984 2007 solutionem
1001 1944 1153 2021 decimae,

204 2049 244 2105 ut
270 2043 502 2124 praemittitur,
525 2062 712 2120 concessae,
736 2041 804 2124 ipsi
823 2041 972 2123 praelati,
987 2043 1152 2123 religiosi,

202 2160 262 2205 seu
289 2141 348 2205 alii
376 2143 418 2205 de
445 2142 550 2218 clero,
575 2160 701 2205 nonam
731 2141 926 2223 portionem
951 2142 1151 2223 praedictam

204 2241 390 2318 solventes,
422 2241 618 2306 nullatenus
644 2241 758 2304 forent
782 2240 927 2304 astricti.
979 2241 1050 2304 Pro
1084 2259 1154 2322 qua

203 2350 317 2404 autem
333 2340 550 2404 concessione
561 2340 727 2421 portionis
739 2339 924 2421 praedictae,
936 2339 1154 2404 remissiones

203 2440 342 2516 multoc,
368 2439 545 2502 libertates
574 2446 608 2503 et
635 2439 829 2521 privilegia,
852 2438 1019 2520 praelatis,
1046 2440 1152 2502 comi-

203 2539 308 2615 tibus,
334 2546 369 2603 et
396 2538 591 2612 baronibus,
620 2557 661 2602 ac
683 2539 921 2604 communitati
946 2545 1048 2602 terrae
1066 2556 1152 2614 suae,

201 2636 291 2704 idem
308 2638 466 2702 dominus
482 2657 545 2702 rex
560 2644 739 2719 gratanter
754 2637 934 2714 concessit,
952 2644 1153 2720 certamque

202 2754 305 2818 super
328 2737 393 2802 boc
412 2737 538 2802 factam
557 2745 591 2801 et
606 2737 844 2818 consignatam
860 2737 941 2802 fecit
955 2734 1154 2820 hujusmodi

203 2837 441 2900 communitati
458 2837 604 2900 liberari.
650 2835 717 2900 Sed
734 2836 873 2917 quidam
891 2835 947 2899 vel
965 2855 1033 2900 non
1052 2835 1155 2899 intel-

203 2935 350 3016 ligentes
383 2933 572 3017 praemissa,
603 2933 659 2998 vel
688 2933 811 2998 saltem
846 2934 882 2996 in
915 2934 1152 3016 praejudicium

204 3035 287 3098 cleri
327 3033 482 3116 praedicti
523 3033 718 3114 iufringere·
752 3032 925 3097 malitiose
975 3041 1153 3109 conantes,

205 3135 336 3215 absque
361 3133 470 3215 ipsius
492 3132 619 3197 domini
643 3131 754 3196 nostri
779 3133 883 3212 regis,
906 3139 944 3195 ut
970 3133 1152 3209 credimus,

204 3233 471 3309 conniventia,a
499 3231 663 3314 praelatis
692 3231 774 3294 viris
800 3230 982 3311 religiosis,
1006 3231 1153 3295 clericis·

203 3352 271 3413 que
287 3331 511 3407 secularibus,
525 3331 632 3412 quiet
649 3330 715 3413 ipsi
731 3330 897 3394 decimam
912 3330 1047 3394 solvere
1061 3331 1155 3394 dicto

203 3431 342 3495 domino
369 3438 486 3495 nostro
515 3430 589 3512 regi
617 3436 788 3505 tenentur,
817 3436 853 3493 et
883 3448 944 3510 per
974 3429 1153 3494 baroniani

204 3531 288 3594 nibil
305 3537 423 3595 tenent
438 3530 480 3593 de
498 3530 585 3611 ipso,
601 3548 663 3592 nec
682 3529 725 3592 ad
750 3528 1014 3610 parliamentum
1041 3549 1155 3606 suum,

180 3665 183 3668 -
204 3637 244 3694 ut
261 3629 493 3712 praemittitur,
507 3629 623 3692 venire
640 3635 721 3692 sunt
737 3628 878 3705 astricti,
896 3648 1020 3693 nonam
1039 3647 1152 3693 rerum

204 3729 447 3812 praedictarum
477 3729 527 3792 sic
554 3747 753 3792 concessam
778 3728 905 3803 levare,
934 3736 968 3791 et
997 3747 1059 3808 per
1083 3727 1153 3791 dis-

205 3829 382 3894 trictiones
402 3828 515 3892 varias
538 3835 574 3892 et
593 3833 714 3890 contra
731 3826 906 3907 praedictac
924 3827 1153 3889 concessionis

205 3927 352 3990 formam
378 3926 518 4008 exigere
545 3926 746 3999 moliuntur,
761 3926 796 3987 in
816 3926 971 4006 ipsorum
995 3924 1156 4005 praelato·

206 4047 280 4090 rum
306 4033 341 4090 et
366 4025 450 4089 cleri
477 4024 715 4107 praejudicium
740 4024 974 4098 manifestum,
992 4042 1070 4084 cum
1094 4042 1155 4086 nec

280 4249 285 4278 ¹
302 4250 456 4312 ‘portionem
468 4249 618 4312 praedictam
629 4249 773 4312 solventes,'
785 4249 842 4300 MS.
854 4248 922 4300 cott.
935 4249 1014 4312 Nero,
1025 4249 1060 4300 D.
1071 4251 1100 4302 ii.
