3166 4992
427 458 598 507 wanrnnr
622 458 669 505 nn
692 459 974 509 unumcnunou.
1111 444 1177 508 249

225 638 301 682 curn
318 635 372 693 eo,
389 615 444 680 vel
466 615 588 679 darent
610 635 648 679 se
672 616 724 691 ei;
749 623 786 680 at
808 617 859 680 illi
873 617 1032 683 videntes
1054 637 1092 682 se
1112 638 1176 682 nu·
1204 641 1323 683 maora

227 736 322 782 mero
346 715 538 798 pauciores,
553 715 803 797 responderunt
819 716 850 780 ei
873 724 975 782 caute
993 717 1084 799 quod
1107 737 1177 782 non
1197 692 1262 732 ab.
1274 695 1330 733 ¹³⁰⁰'

229 816 473 898 egrederentur
484 823 577 891 tunc,
589 815 649 878 sed
664 815 718 878 die
730 816 881 881 crastiua
894 825 1089 898 pugnarent
1100 837 1178 882 cum

229 936 270 980 eo
285 916 431 978 libenter
447 914 529 996 quia
544 914 617 978 dies
639 914 748 978 festus
763 922 848 982 erat.
900 916 987 980 Erat
998 917 1089 980 enim
1105 917 1177 982 dies
1191 941 1284 990 surray,

230 1013 415 1080 Dominica
431 1013 590 1095 proxima
612 1022 693 1096 post
713 1014 838 1079 festum
860 1015 1055 1080 nativitatis
1082 1018 1177 1081 beati
1191 990 1289 1032 'unm'

230 1113 402 1180 lobannis
417 1112 600 1195 Baptistae.
668 1112 749 1177 Rex
767 1132 849 1178 vero
878 1115 980 1180 nimis
1004 1116 1179 1193 credulus,

227 1213 377 1278 retraxit
398 1231 437 1276 se
460 1212 496 1275 in
512 1212 625 1276 verbis
649 1212 736 1290 istis,
759 1220 795 1278 et
818 1214 966 1279 tentoria
985 1213 1062 1280 fixit
1080 1215 1180 1298 quasi

229 1315 273 1380 ab
289 1332 358 1377 uno
370 1311 517 1375 miliario
534 1313 578 1374 ab
593 1313 690 1388 urbe,
702 1319 737 1376 et
751 1315 1040 1396 praeparaverunt.
1050 1314 1181 1379 cibaria

227 1431 303 1477 sua.
369 1409 492 1475 Nostri
515 1429 599 1475 vero
624 1410 855 1493 loquebantur
881 1411 925 1479 ad
958 1413 1104 1477 invicem
1128 1414 1180 1478 di-

228 1520 366 1576 centes:
391 1510 463 1574 “Si
485 1511 786 1592 expectaverimus
806 1531 916 1594 usque
935 1512 1180 1577 incrastinum

230 1631 298 1675 non
315 1609 581 1692 praevalebimus
597 1611 640 1687 ei,
663 1611 746 1692 qnia
766 1611 888 1676 sortior
902 1612 1002 1676 nobis
1018 1619 1090 1692 est3
1120 1613 1181 1678 sed

230 1711 260 1774 si
275 1710 461 1774 exierimus
479 1709 515 1772 in
530 1709 695 1792 vesperis,
710 1710 939 1774 obtinebimus
955 1718 1075 1776 contra
1091 1731 1181 1789 eum,

230 1812 314 1892 quia
344 1808 446 1873 modo
476 1814 603 1873 vacant
634 1807 726 1872 circa
755 1809 886 1874 cibaria
915 1811 1180 1892 praeparanda.”

233 1910 404 1974 Exierunt
428 1926 511 1988 ergo
527 1907 562 1970 in
577 1907 732 1989 vesperis
755 1914 795 1971 ut
812 1908 1053 1986 condixerant,
1071 1917 1107 1974 et
1128 1911 1181 1973 in·
1192 1931 1289 1973 amar·

232 2014 401 2074 venerunt
425 2025 485 2071 eos
509 2007 748 2070 recumbentes
779 2026 911 2084 secure,
934 2014 970 2071 et
996 2016 1179 2091 antequam
1192 1983 1325 2072 ῗιῗῗέῗὶῗὲἷ

232 2114 374 2190 possent
399 2125 517 2170 omnes
535 2101 731 2181 ascendere,
747 2106 921 2170 irruerunt
945 2107 981 2170 in
1003 2127 1062 2172 eos
1077 2107 1180 2173 vehe·
1193 2083 1316 2122 mm

231 2213 376 2282 menter,
401 2205 579 2287 'caesisque
616 2205 746 2282 multis,
783 2224 900 2288 regem
943 2225 1020 2270 cum
1057 2207 1179 2289 paucis

234 2304 445 2388 aliquamdiu
461 2305 688 2381 resistentem,
699 2304 735 2369 in
749 2303 868 2386 fugam
884 2304 1023 2369 tandem
1039 2325 1182 2370 conver·

232 2413 361 2470 terunt.
414 2403 589 2486 Fugitque
612 2411 678 2467 'rex
704 2422 827 2481 novus,
857 2411 894 2468 et
924 2405 1071 2469 insecuti
1100 2414 1323 2478 suntrana-po

233 2525 311 2570 eum
324 2523 435 2586 usque
452 2503 487 2567 in
503 2503 652 2566 insulam
667 2501 710 2567 de
726 2502 883 2586 Keutyr;
902 2504 1181 2587 obsederuntque
1194 2478 1322 2578 diffidi.

232 2613 383 2670 castrum
404 2602 471 2667 loci
494 2603 599 2680 illius,
619 2602 798 2668 credentes
817 2622 894 2666 eum
917 2622 955 2667 se
976 2604 1104 2668 ibidem
1126 2623 1180 2668 re-

237 2704 368 2786 cepisse
394 2701 454 2766 sed
479 2701 538 2766 ille
560 2702 693 2766 abierat
717 2702 754 2766 in
781 2709 954 2766 extremas
977 2703 1110 2768 insulas
1127 2723 1181 2768 re·

233 2804 345 2885 gionis
359 2800 463 2864 illius.
515 2801 797 2884 Expugnatoque
819 2809 947 2879 castro,
972 2803 1181 2866 invenerunt

235 2920 341 2964 unum
369 2919 415 2963 ex
440 2899 606 2963 fratribus
629 2900 714 2972 novi
739 2901 831 2981 regis
852 2900 1025 2965 dominum
1050 2901 1182 2966 scilicet

238 3000 417 3082 Nigellum
444 2998 487 3063 de
512 2999 616 3074 Brus,
639 3017 718 3062 cum
739 3017 832 3062 nova
850 3000 983 3081 regina,
1007 3006 1043 3064 et
1066 2999 1182 3064 multis
1196 3025 1337 3075 urgemus

235 3100 335 3178 aliis3
370 3116 456 3179 quos
485 3096 694 3160 adducentes
719 3114 835 3161 secum
859 3116 969 3178 usqne
997 3097 1180 3182 Berewyk,
1196 3076 1340 3165 diffie

235 3200 284 3266 ibi
317 3215 434 3262 coram
458 3195 659 3278 justitiariis
685 3195 813 3259 domini
837 3196 929 3278 regis
949 3195 1099 3279 Angliae,
1123 3174 1338 3280 quib'lbrblb

235 3318 280 3362 ex
298 3302 472 3380 praecepto
489 3294 580 3376 regis
602 3294 729 3358 ibidem
747 3303 993 3374 convenerant,
1006 3296 1183 3380 judiciali·
1196 3275 1301 3316 ⁸³¹¹ss

234 3404 287 3461 ter
319 3395 474 3459 damnati
502 3401 584 3458 sunt
608 3393 782 3471 '‘bomines,
812 3395 928 3473 tracti,
958 3396 1115 3482 suspensi
1147 3403 1183 3460 et

236 3494 406 3560 decollati.
474 3492 648 3575 Reginam
680 3501 795 3557 autem
827 3513 965 3572 novam,
999 3496 1081 3578 quia
1111 3495 1184 3561 filia

236 3595 370 3659 comitis
394 3593 436 3656 de
452 3592 664 3657 Huluerster
682 3591 782 3669 erat,1
802 3591 881 3680 (qui
901 3594 1039 3676 quidem
1057 3614 1184 3673 comes,

235 3694 271 3758 in
287 3692 455 3775 principio
478 3709 612 3773 guerrae
626 3699 730 3757 motae
749 3711 811 3775 per
827 3712 992 3774 generum
1009 3693 1185 3758 dominum

238 3791 429 3858 Robertum
447 3790 489 3854 de
504 3791 609 3869 Brus,
624 3811 667 3854 ne
682 3792 841 3856 dominus
856 3811 919 3856 rex
934 3790 1072 3874 Angliae
1089 3794 1185 3874 quic·

238 3909 342 3973 quam
373 3889 456 3952 mali
486 3897 607 3954 contra
637 3909 717 3953 eum
745 3891 992 3973 suspicaretur,
1018 3890 1112 3955 misit
1140 3890 1185 3954 ad

271 4149 278 4180 ¹
296 4151 382 4212 Merv,
393 4148 487 4198 second
498 4147 558 4197 wile
568 4149 598 4198 oi
611 4149 706 4198 Robert
723 4151 816 4214 Bruce,
829 4151 879 4201 and
899 4151 1067 4214 daughter-ol
1079 4152 1186 4217 Aylmer

153 4247 155 4250 ·
238 4221 271 4274 de
283 4221 361 4282 Bure,
373 4219 434 4268 llari
445 4217 474 4272 ul
482 4219 577 4268 Ulster.
