3166 4992
438 455 608 502 wnn'rnnr
632 455 679 502 nn
703 454 990 502 nnnrneuuaon.
1107 441 1174 504 217

226 609 325 674 culis.
369 610 569 694 Valensque
587 613 770 697 episcopus
787 614 858 678 cito
875 633 897 677 a
914 614 1010 679 curia
1026 613 1175 692 liberari,

226 707 443 774 familiariter
459 715 623 794 exposuit
646 713 784 776 domino
803 733 903 797 papae
923 722 1042 779 votum
1062 734 1176 792 suurn,

228 810 378 892 qualiter
402 830 424 874 a
448 813 529 875 vitae
554 833 626 876 suae
654 812 850 895 primordiis
876 833 977 878 cruce
1005 815 1176 894 signatus,

227 908 405 989 negotium
427 911 545 975 Terrae
561 913 701 976 Sanctae
719 913 948 995 personaliter
965 921 1000 978 et
1018 914 1055 976 in
1070 934 1177 997 expe-

229 1009 358 1072 ditione
388 1011 530 1082 militari
555 1031 758 1095 promovere
786 1012 969 1095 disposuit.
1023 1013 1068 1077 Et
1095 1015 1178 1096 quia

229 1109 356 1172 multas
373 1108 524 1174 habebat
539 1117 648 1176 terras
670 1131 715 1175 ex
739 1113 941 1195 perquisito,
960 1112 1063 1176 etiam
1081 1113 1177 1195 plus·

229 1227 334 1290 quam
356 1209 425 1274 duo
443 1210 536 1274 mille
553 1217 588 1278 et
606 1211 814 1294 quingentas
835 1218 1020 1288 marcatas,
1039 1213 1178 1294 quasin

228 1307 305 1389 ipso
329 1310 468 1394 negotio
499 1310 695 1392 expendere
723 1313 962 1393 proponebat3
996 1318 1030 1374 et
1063 1331 1178 1376 comes

228 1406 272 1469 de
289 1407 473 1487 Cornubia,
487 1410 587 1493 cujus
602 1417 677 1474 erat
692 1411 891 1494 principalis
908 1417 1084 1486 executor,
1101 1411 1177 1474 the·

229 1522 369 1570 saururn·
386 1509 564 1590 legaverat
580 1510 623 1574 ad
638 1511 876 1574 inveniendum
900 1516 1039 1573 centum
1051 1508 1177 1574 milites

229 1627 291 1690 per
324 1627 450 1672 annum
483 1611 682 1672 continuum
719 1617 839 1675 contra
878 1609 1033 1673 inimicos
1065 1611 1178 1673 crucis

232 1705 382 1786 Christi3
418 1708 519 1791 petiit
542 1711 664 1772 breves
689 1709 856 1785 inducias,
882 1718 923 1772 ut
949 1716 1060 1773 terras
1087 1729 1177 1792 prae-

230 1805 341 1872 dictas
372 1807 559 1873 venditioni
587 1814 790 1890 exponeret,
818 1816 854 1872 et
878 1809 1072 1873 necessaria
1097 1828 1177 1890 pro·

230 1906 363 1971 videret
388 1926 451 1990 pro
476 1927 513 1972 se
540 1916 575 1971 et
599 1909 762 1972 trecentis
786 1908 953 1971 militibus
977 1907 1177 1978 transfreta·

231 2006 318 2070 turis
341 2026 467 2082 secum,
487 2014 521 2071 et
550 2008 744 2090 sumptibus
769 2007 841 2070 suis
862 2008 1096 2089 permansuris
1116 2027 1178 2088 per

232 2114 301 2176 tres
329 2125 439 2172 annos
461 2107 644 2171 continuos
665 2107 702 2170 in
716 2107 826 2172 Terra
843 2106 983 2170 Sancta.
1037 2105 1176 2183 Placuit

231 2204 369 2270 domino
392 2226 494 2289 papae
517 2206 712 2288 promissio,
735 2225 776 2276 eo
794 2206 886 2288 quod
910 2205 1005 2273 cordi
1027 2204 1178 2270 habebat

231 2305 348 2368 Terrae
366 2305 504 2371 Sanctae
519 2306 707 2388 negotium,
726 2314 760 2369 et
785 2306 976 2370 licentiavit
1000 2324 1091 2382 eum,
1109 2313 1177 2368 ter·

231 2405 362 2468 minum
377 2413 531 2470 statuens
549 2407 651 2470 unius
668 2406 750 2469 anni
767 2412 806 2469 ut
823 2406 888 2469 iter
905 2405 1072 2486 arriperet
1087 2406 1178 2487 quod

232 2506 456 2586 promiserat;
492 2506 697 2588 reliquitque
723 2513 981 2587 procuratorem
1009 2504 1179 2587 incuria,

232 2605 382 2686 quicum
405 2606 517 2686 priore
537 2605 771 2670 contenderet.
826 2604 872 2668 Et
888 2605 1098 2668 evisceratus
1119 2625 1180 2686 pe÷

233 2705 335 2771 cunia
359 2705 457 2786 quasi
479 2724 582 2768 manu
606 2724 716 2768 vacua
739 2722 898 2769 reversus
914 2711 977 2780 est,
1000 2705 1180 2767 eratenim

233 2803 334 2868 homo
367 2801 619 2884 magnanimiS,¹
652 2823 720 2866 uon
764 2821 909 2884 parcens
947 2803 1102 2884 pecuniae
1142 2811 1182 2866 ut

232 2910 499 2986 consequeretur
516 2910 647 2968 votum.
702 2901 887 2983 Goepitque
904 2920 997 2966 nova
1014 2902 1127 2964 facere
1145 2903 1179 2964 in

234 3002 447 3084 episcopatu,
465 3010 500 3066 et
521 3001 679 3075 inaudita
696 3019 860 3084 quaerere,
884 3001 935 3064 ita
957 3000 1048 3081 quod
1070 3000 1179 3062 insur-

235 3108 399 3168 rexerunt
414 3101 450 3163 iu
468 3120 546 3164 eum
563 3101 663 3183 quasi
684 3118 801 3163 omnes
822 3099 944 3162 incolae
960 3118 1023 3179 pro
1040 3098 1181 3161 liberta·

232 3201 325 3264 tibus
364 3201 436 3264 suis
469 3199 700 3264 defendendis.
761 3198 1074 3279 Deposueruntque
1112 3196 1179 3260 fre-

236 3308 381 3382 quenter
394 3301 438 3364 ad
455 3299 631 3363 dominum
644 3317 760 3378 regern
777 3295 998 3362 multimodas
1012 3296 1179 3378 querelas,

236 3407 429 3480 quaerentes
446 3400 521 3462 fieri
538 3419 600 3481 per
618 3416 695 3462 eum
714 3397 863 3481 justitiae
881 3395 1180 3478 complementum,

234 3519 297 3563 uec
315 3501 451 3564 curavit
468 3501 662 3582 episcopuS,
678 3495 925 3579 propterquod
941 3495 1101 3559 dominus
1118 3516 1180 3560 rex

235 3600 345 3680 primo
370 3619 509 3681 rogans,
527 3597 676 3664 secundo
699 3597 897 3671 exhortam,
916 3596 1018 3659 tertio
1041 3597 1181 3658 commi·

235 3699 348 3762 nando
365 3699 577 3780 praecipiam,
598 3699 662 3760 sub
677 3715 783 3778 poena
801 3695 982 3777 perdendae
999 3696 1182 3772 libertatis,

235 3798 386 3879 scripsit,
402 3805 441 3861 ut
458 3800 502 3860 ab
518 3797 654 3880 injuriis
677 3803 828 3861 cessaret
845 3802 880 3858 et
898 3794 1063 3877 populum
1082 3814 1182 3856 suum

232 3896 329 3979 juste
358 3903 492 3976 regeret
515 3895 616 3958 modo
642 3902 821 3960 consueto.
874 3893 1004 3958 Verum
1024 3893 1105 3974 quia
1122 3891 1183 3955 do-

236 3996 349 4058 minus
389 3996 573 4076 episcopus
614 4013 750 4075 semper
794 4011 871 4055 cum
912 3990 1184 4055 dissimulatione

430 4217 435 4245 ¹
453 4219 495 4267 Au
506 4233 654 4268 uncommon
665 4217 729 4267 form
741 4219 778 4268 lor
790 4219 996 4286 ‘magnanimus’
1067 4269 1068 4272 ,

1205 634 1295 674 Edward
1306 633 1324 674 1.

1201 687 1228 726 Δ.
1236 685 1263 724 D.
1275 685 1331 724 1³⁰1.

1190 768 1317 808 Dissensiuu

1190 819 1285 858 between
1292 818 1330 858 the

1190 868 1271 916 Birhop
1280 867 1323 908 sud

1191 918 1251 956 Prior
1259 917 1284 958 οἰ

1190 969 1299 1010 Dulllflme
