3166 4992
389 476 456 544 232
759 486 972 534 canonicos

246 667 368 710 raanan
394 664 568 711 murorum
590 643 802 708 continuatis
828 643 976 722 ictibus;
1005 651 1040 705 et
1062 640 1175 706 adhuc
1201 661 1239 705 se
1260 641 1343 705 dare

231 719 580 810 Quoluerunt
605 743 753 820 obsessi,
782 741 842 806 sed
872 742 1017 805 viriliter
1049 741 1275 805 defenderunt
1307 761 1345 804 se

394 865 473 912 cum
490 842 658 909 machinis
673 844 746 907 suis
762 848 797 905 et
814 843 941 906 multos
956 841 1168 904 occiderunt
1219 842 1242 905 J
1245 840 1346 904 ussit

396 960 464 1028 que
475 962 539 1009 rex
553 942 663 1006 indies
672 941 808 1025 impleri
821 941 953 1005 fossata
968 960 1045 1004 cum
1061 940 1166 1006 ramis
1181 947 1217 1004 et
1231 939 1346 1020 lignis.

397 1043 466 1108 Sed
502 1042 565 1118 illi,
597 1043 678 1124 igne
712 1042 886 1124 apposito,
924 1040 1041 1104 omnia
1073 1040 1348 1103 combusserunt.

400 1141 647 1224 ordinatisque
668 1139 996 1204 demnm'machinis
1018 1158 1081 1221 per
1101 1157 1189 1220 quas
1206 1148 1350 1221 possent

400 1261 517 1306 muros
539 1241 734 1317 ascendere,
756 1239 986 1322 impleverunt
1013 1239 1147 1301 fossata
1163 1237 1349 1319 ,lapidibus

401 1350 437 1407 et
452 1336 569 1405 humo.
620 1338 724 1418 Quod
737 1338 890 1402 videntes
908 1337 1041 1402 obsessi
1052 1337 1226 1420 petierunt
1239 1337 1348 1401 vitam

401 1449 437 1504 et
454 1440 608 1505 membra
627 1427 666 1502 ut
684 1438 807 1502 darent
827 1456 877 1515 se,
897 1446 933 1501 et
954 1436 1020 1500 hoc
1043 1436 1175 1500 iteratis
1194 1436 1347 1515 vicibus3

399 1538 464 1604 sed
485 1559 560 1604 non·
579 1537 712 1602 audivit
734 1551 794 1600 eos
813 1555 888 1613 rex,
912 1555 977 1600 nec
1005 1534 1125 1600 audire
1151 1535 1262 1600 voluit
1283 1535 1349 1599 nisi

399 1656 475 1706 sum
502 1638 624 1720 gratiae
648 1643 683 1700 et
708 1655 849 1700 suornm
876 1635 1010 1719 judicio
1035 1654 1073 1698 se
1103 1653 1194 1698 mere
1224 1654 1350 1717 suppo·

402 1745 535 1803 nerent.
587 1735 875 1816 Distuleruntque
892 1735 936 1800 ad
951 1743 1100 1817 tempus,
1118 1741 1263 1799 mortem
1281 1754 1351 1798 me·

241 1859 356 1898 umen
403 1845 564 1916 tuentes3
605 1835 743 1900 tandem
788 1854 869 1899 vero
905 1834 1056 1910 attoniti,
1092 1853 1155 1898 nec
1193 1833 1349 1898 valentes

242 1907 390 2009 ididia.
402 1935 547 2000 ulterius
569 1936 751 2011 sustinere,
772 1915 942 1998 dederunt
968 1953 1006 1998 se
1028 1933 1151 2016 gratiae
1181 1933 1286 2014 regis,
1314 1941 1348 1996 et

402 2043 553 2100 castrum
577 2034 800 2099 reddiderunt
821 2032 877 2097 die
893 2033 1031 2098 Sanctae
1056 2031 1266 2114 Margaretae
1281 2032 1351 2096 vir·

403 2135 494 2216 ginis
534 2134 617 2197 anni
653 2131 920 2215 subsequentis)
954 2132 1131 2216 jussitque
1163 2151 1222 2195 eos
1254 2131 1353 2196 salvo

403 2233 572 2298 custodiri
601 2250 711 2315 usque
751 2231 795 2295 ad
828 2231 1094 2312 parliamentum
1124 2250 1225 2294 suum
1260 2231 1352 2294 Lon-

404 2331 542 2406 doniis;
579 2340 615 2395 et
637 2337 737 2394 erant
762 2331 798 2392 in
824 2350 967 2395 numero
988 2331 1173 2414 plusquam
1195 2347 1294 2407 cxc„
1317 2337 1353 2394 et

407 2430 527 2495 traditi
541 2437 624 2494 sunt
637 2430 832 2494 carceribus
850 2448 912 2510 per
929 2429 1067 2493 diversa
1079 2429 1166 2494 loca.
1220 2429 1353 2494 Rever-
1393 2447 1434 2521 q*-

408 2548 538 2610 susque
555 2536 609 2592 est
625 2549 687 2592 rex
705 2543 782 2592 curn
798 2528 956 2605 victoria,
971 2529 1114 2592 tendens
1136 2528 1181 2592 ad
1199 2537 1354 2592 austrum
1405 2541 1407 2548 '

408 2647 470 2708 per
487 2628 598 2692 dietas
614 2626 778 2709 pervalde
796 2626 960 2704 modicas,
978 2634 1014 2692 et
1032 2628 1144 2692 tenuit
1167 2626 1355 2692 Lincolniae

245 2743 375 2785 risuum
407 2726 540 2792 Natale
561 2726 702 2790 Domini
719 2745 797 2790 cum
825 2744 959 2789 summo
983 2726 1121 2794 honore
1165 2725 1197 2790 J
1200 2727 1355 2810 ussrtque

244 2793 368 2884 {iiiia
406 2825 443 2888 in
471 2826 646 2890 redeundo
674 2825 766 2906 quod
788 2823 977 2907 justiciarii
1006 2827 1059 2890 sui
1093 2826 1135 2890 de
1166 2827 1288 2900 banco,
1320 2833 1355 2891 et

244 2895 376 3033 ξὶῗέιῗιᾞ
402 2925 618 2989 scaccarium
632 2943 818 2988 suumcum
830 2924 941 2988 banco
957 2925 1106 3007 integro,
1120 2945 1198 3009 quae
1210 2925 1284 3008 jam
1296 2944 1356 3007 per

244 2995 289 3034 m
305 3004 332 3033 ⁰¹¹
407 3034 541 3106 septem
562 3039 682 3100 annoS,
709 3043 730 3086 a
764 3021 853 3086 sesto
879 3022 1017 3088 Sanctae
1044 3022 1241 3088 Trinitatis2
1263 3044 1354 3089 anno

407 3124 551 3188 Domini
584 3141 622 3186 Μ.
627 3137 788 3186 ccxcvii.
821 3137 932 3204 usque
971 3123 1006 3185 in
1040 3143 1190 3206 praesens
1225 3122 1354 3186 Natale

408 3223 562 3299 Domini,
578 3221 670 3304 apud
688 3221 840 3284 Eborum
863 3240 941 3284 cum
963 3221 1170 3286 cancellaria
1186 3241 1250 3286 sua
1267 3242 1356 3286 com-

329 3403 331 3408 .
408 3324 558 3387 munitet
589 3321 762 3396 sederant,
796 3318 841 3382 ad
877 3320 1224 3386 westmonasterium
1268 3320 1358 3385 Lon-

408 3421 521 3486 doniis
550 3426 804 3486 reverterentur
831 3425 866 3482 et
894 3419 1056 3496 redirent,
1082 3430 1117 3485 et
1146 3421 1276 3484 factum
1303 3419 1358 3484 'est

407 3519 469 3582 ita.

447 3769 455 3800 ¹
472 3771 526 3819 The
545 3784 667 3832 governor·
684 3773 714 3820 of
732 3773 774 3822 the
794 3773 873 3822 castle
934 3809 1058 3872 ,Trinity
1076 3810 1164 3858 sunda
1199 3812 1224 3859 in
1242 3811 1267 3859 th

412 3856 467 3890 was
486 3840 597 3888 William
617 3841 735 3902 Olyt'ard.
771 3843 851 3904 Ryem
794 3857 874 3906 yemr,
1165 3826 1179 3872 l
1270 3826 1363 3874 ΗΘΜ

412 3913 430 3964 i
441 3915 505 3972 905
524 3910 758 3976 walgjnghQffl
899 3883 962 3928 1297
973 3880 1210 3932 ocourredlunetl.
