3126 4986
414 460 458 522 60
785 471 995 526 cunonrcou

263 651 354 692 naver
368 653 386 691 r.
407 631 603 715 jussionem
634 632 739 713 regis,
762 640 1034 716 manseruntque
1057 635 1092 696 in
1108 621 1238 698 eisdem
1255 656 1367 718 usque

249 703 456 830 fflad
481 751 643 811 guerram
670 731 796 796 Scotiae
820 732 891 796 fere
919 733 1065 796 finitam.
1117 735 1247 799 Eodem
1273 755 1366 797 anno

409 830 520 894 sames
556 831 672 896 valida
699 830 866 912 Angliam
907 831 1030 896 afflixit
1063 839 1099 896 et
1130 835 1368 897 moriebantur

409 949 602 1012 pauperum
626 931 738 996 multa
761 931 882 1007 millia,
900 932 1115 996 vendebatur
1141 933 1232 996 enim
1261 952 1367 1015 quar-

409 1030 533 1095 terium
562 1030 727 1095 lrumenti
753 1049 817 1112 pro
844 1046 923 1094 xvi.
949 1031 1070 1095 solidis
1100 1039 1136 1095 et
1163 1032 1364 1096 multotiens

409 1147 472 1210 pro
491 1144 557 1226 nx.

684 1337 734 1402 Do
751 1337 907 1403 deditione
922 1337 1093 1404 Tur-docile.

245 1532 387 1648 22:8²3}
458 1519 562 1598 Anno
578 1534 720 1598 Domini
737 1537 945 1602 ‘necnon'
956 1534 967 1569 ¹
978 1536 1137 1600 dominus
1146 1535 1309 1600 Thomas
1318 1538 1361 1602 de

248 1599 606 1710 sarroma'Turbevila
622 1635 693 1716 qui,
709 1641 748 1698 ut
764 1635 1003 1717 supradictum
1021 1644 1087 1711 est,
1105 1637 1300 1718 inceptura
1316 1638 1360 1700 de

246 1701 370 1790 ‘iinffm'
409 1732 531 1816 Ryons
549 1753 627 1796 cum
645 1735 779 1798 caeteris
799 1734 965 1799 militibus
979 1737 1139 1817 captivus
1158 1736 1284 1800 ductus
1305 1745 1361 1801 est

408 1841 443 1896 et
472 1833 600 1896 carceri
624 1834 717 1914 regis
749 1833 905 1898 Franciae
929 1836 1158 1917 mancipatus
1188 1837 1358 1917 cogitavit

407 1931 554 1996 sollicite
587 1932 758 2014 quomodo
789 1933 938 2015 effugere
967 1941 1086 2016 posset
1117 1954 1289 1998 carcerem
1324 1944 1360 2000 et

391 2032 566 2098 -vinculaz
605 2031 766 2114 quicum
791 2041 884 2120 esset
909 2035 984 2115 regi
1012 2034 1170 2097 Franciae
1196 2034 1359 2098 familiari

407 2132 532 2194 notitia
557 2131 730 2213 cognitus,
758 2133 892 2213 pepigit
910 2153 988 2196 cum
1007 2152 1049 2196 eo
1069 2131 1184 2196 foedus
1207 2135 1243 2198 in
1269 2134 1358 2196 sedi-

408 2231 537 2293 tionem
552 2231 644 2310 regis
660 2228 799 2310 Angliae
815 2230 943 2309 dicens,
968 2237 992 2267 “
1005 2231 1210 2296 Providebis
1233 2233 1308 2308 tibi,
1325 2233 1361 2296 0.

406 2347 482 2401 rex,
498 2328 541 2392 de
558 2346 685 2408 magna
705 2328 829 2406 classe,
847 2339 881 2394 et
894 2350 1002 2412 pones
1017 2331 1053 2395 in
1071 2351 1113 2394 ea
1134 2333 1239 2394 robur
1256 2352 1360 2394 exer·—

406 2426 507 2504 citus,
534 2447 599 2508 ego
629 2435 744 2490 autem
776 2435 932 2493 revertar
960 2430 1003 2493 ad
1034 2430 1211 2493 dominum
1241 2451 1356 2494 meum

322 2582 324 2585 ,
406 2544 531 2604 regem,
553 2535 589 2588 et
608 2525 721 2589 dicam
736 2527 780 2603 ei,
796 2527 900 2610 quod,
919 2529 1111 2592 auxiliante
1133 2531 1245 2594 amico
1268 2549 1356 2613 quo-

405 2623 498 2701 dam,
514 2644 592 2688 cum
617 2625 819 2690 difficultate
845 2647 968 2690 manus
990 2638 1070 2692 tuas
1090 2629 1197 2692 evasi.
1249 2629 1356 2692 Cum-

405 2742 473 2804 que
498 2725 541 2788 ab
560 2744 600 2789 eo
614 2725 870 2807 impetraverim
886 2728 1080 2790 custodiam
1102 2729 1207 2790 maris
1224 2735 1259 2792 et
1275 2749 1355 2810 por·

404 2827 502 2884 tuum
530 2824 678 2887 obviabo
710 2825 904 2888 marinariis
939 2826 1020 2902 tuis,
1044 2827 1179 2908 eritque
1217 2828 1354 2910 signum

404 2920 545 2986 foederis
570 2923 660 2988 inter
690 2943 744 2986 me
770 2931 806 2987 et
832 2924 928 3008 ipsos
955 2933 996 2990 ut
1023 2944 1100 2988 cum
1129 2926 1275 2990 viderint
1295 2948 1354 2991 ve-

403 3021 527 3085 xillum
553 3042 665 3086 meum
690 3042 797 3105 supra
812 3024 979 3086 vexillum
1001 3025 1091 3106 regis
1114 3026 1244 3090 elevari
1268 3027 1353 3090 aud-

403 3129 499 3185 acter
515 3123 552 3186 in
567 3123 686 3186 eodem
711 3123 787 3187 loco
805 3129 932 3188 terram
950 3123 1199 3205 ingrediantur,
1218 3132 1253 3191 et
1275 3127 1354 3189 abs-

403 3240 470 3302 que
499 3221 700 3286 difficultate
729 3241 804 3287 eam
834 3223 883 3285 eis
909 3223 1078 3289 tradam.''
1131 3223 1241 3288 Facta
1269 3245 1353 3308 ergo

402 3319 467 3382 hac
504 3323 733 3385 conventione
769 3329 841 3384 tam
875 3321 991 3386 valida
1032 3323 1192 3403 promisit
1223 3325 1255 3387 ei
1290 3345 1353 3389 rex

401 3417 594 3481 mercedem
613 3419 781 3500 iniquam,
797 3427 831 3483 et
848 3422 1001 3502 acceptis
1019 3421 1153 3486 duobus
1176 3423 1257 3486 filiis
1280 3425 1353 3487 suis

402 3516 578 3578 obsidibus
601 3517 731 3580 dimisit
755 3537 833 3581 eum
856 3526 891 3582 et
917 3521 1024 3584 abiit:
1055 3540 1215 3585 reversus
1236 3531 1352 3587 autem

402 3621 456 3677 est
483 3614 526 3677 ad
554 3635 668 3696 regem
696 3613 833 3696 Angliae
861 3625 897 3681 et
919 3620 963 3682 ab
992 3639 1033 3682 eo
1057 3621 1243 3686 honorifice
1274 3642 1350 3686 sus-

401 3719 523 3794 ceptus
538 3721 603 3790 est,
621 3721 667 3792 et,
685 3715 721 3776 in
738 3717 954 3797 captivitatis
970 3739 1042 3783 suae
1059 3721 1233 3797 solatium,
1251 3720 1350 3784 fami·

401 3812 534 3876 liariter
583 3833 661 3876 cum
715 3834 755 3877 eo
806 3825 1052 3892 conversatus3
1100 3839 1247 3900 cumque
1284 3820 1351 3883 ire-

400 3920 544 3995 quenter
575 3914 719 3977 instaret
750 3922 789 3977 ut
815 3934 899 3978 cura
928 3917 993 4000 sibi
1020 3919 1125 3982 maris
1157 3919 1352 3983 traderetur

400 4014 582 4096 excusavit
617 4033 654 4076 se
691 4034 765 4090 rex,
805 4033 845 4077 eo
877 4015 968 4096 quud
997 4017 1109 4080 noluit
1147 4019 1223 4100 ipse
1254 4019 1351 4082 Deus

670 4247 675 4276 ¹
695 4248 859 4308 ‘u.ccxcv1.,'
871 4249 929 4298 MS.
942 4248 1010 4299 Cott.
1022 4250 1082 4298 Tib.
