3126 4986
401 479 573 526 weuram
601 481 647 526 nn
670 480 952 528 unuruouuncu.
1102 465 1145 527 19

190 633 412 700 Giseburniae
434 655 511 698 cum
534 635 631 698 libris
654 636 838 717 theologiae
862 635 979 700 multis
1007 645 1042 700 et
1067 656 1144 719 pre·
1169 655 1290 744 {4323po

187 734 470 811 tiosissimiS,1x.
490 733 667 812 calicibuS,
688 735 915 812 vestimentis,
934 737 1143 816 imaginibus
1155 731 1298 828 ὦῶ

188 835 416 914 sumptuosis,
436 853 548 898 vorax
572 834 712 898 flamma
727 837 951 917 consumpsit.
996 837 1044 900 Et
1062 837 1144 918 quia
1154 840 1179 928 gg
1180 839 1305 935 gfflby

190 935 369 1014 praeterita
397 932 522 996 futuris
548 934 633 996 dant
658 934 804 997 formam
833 935 991 1016 negotiis
1016 936 1303 1036 idcircofflgpffl·

190 1033 370 1096 infortunii
383 1051 513 1108 casum,
526 1041 567 1096 ut
581 1032 779 1116 hujusmodi
797 1052 900 1096 casus
917 1035 953 1096 in
965 1041 1143 1116 posterum

190 1128 396 1207 declinetur,
426 1133 589 1212 praesenti
613 1131 779 1213 opusculo
804 1133 890 1195 duxi
913 1133 1143 1197 inserendum.

192 1230 259 1292 Die
279 1230 372 1292 enim
396 1231 575 1312 praedicto,
598 1232 658 1312 qui
682 1231 819 1312 quidem
834 1239 910 1294 erat
925 1239 1090 1296 ventosus
1107 1240 1143 1297 et

190 1329 289 1391 nobis
306 1329 432 1405 malus,
453 1330 609 1393 ascendit
631 1330 844 1412 plumbarius
868 1330 1048 1394 ecclesiam
1063 1351 1141 1394 cum

190 1426 326 1491 duobus
347 1429 566 1508 garcionibus
587 1429 673 1504 suis,
688 1437 728 1492 ut
742 1428 912 1493 foramina
934 1431 1065 1512 plumbi
1080 1451 1141 1494 ve-

190 1527 274 1589 teris
294 1528 338 1590 de
358 1547 449 1592 novo
469 1535 596 1591 stanno
610 1529 853 1608 consolidaret,
871 1529 962 1608 sicut
984 1549 1046 1611 per
1068 1530 1141 1593 dies

191 1625 383 1708 aliquotex
393 1627 618 1708 dispositione
630 1627 721 1691 mala
728 1627 934 1710 jamdudum
943 1629 1140 1710 inceperat;

190 1727 421 1807 opposuitque
437 1726 584 1808 patellas
599 1746 681 1790 suas
696 1727 825 1790 ferreas
840 1748 919 1792 cum
934 1729 1142 1792 carbonibus

191 1831 226 1888 et
240 1826 321 1906 igne
336 1825 373 1887 in
391 1827 572 1889 ruderibus
587 1827 661 1889 sive
684 1827 849 1906 gradibus
866 1825 996 1894 excelsi
1014 1829 1139 1908 operiS,

190 1943 295 2004 super
305 1924 402 2005 ligna
415 1926 518 2002 sicca,
531 1924 695 1988 ‘trabas’¹
707 1926 855 2007 aliquas,
864 1934 900 1989 et
912 1933 1038 1988 caetera
1049 1944 1140 2006 quae-

115 2030 130 2051 ·
190 2042 258 2104 que
280 2025 489 2100 cremabilia,
512 2032 611 2088 etex
633 2032 733 2106 parte
755 2024 970 2088 meridionali
989 2025 1025 2087 in
1041 2043 1142 2087 cruce

190 2123 345 2204 corporis
357 2124 466 2204 ipsius
482 2123 634 2187 ecclesiae
659 2123 696 2186 in
718 2143 788 2205 qua
807 2130 883 2187 erat
898 2131 1022 2187 ventus
1039 2143 1143 2186 urens

191 2229 227 2284 et
240 2221 392 2302 perflans
408 2242 429 2285 a
446 2222 597 2286 meridie.
643 2222 800 2305 Cumque
818 2223 1002 2286 mansisset
1017 2223 1141 2286 ibidem

190 2339 300 2402 usque
311 2328 391 2404 post
405 2323 545 2386 missam
557 2322 592 2384 in
606 2341 710 2403 opere
720 2341 797 2398 suo,
812 2322 990 2386 descendit
1002 2323 1140 2386 tandem

191 2427 271 2483 ante
288 2421 543 2502 processionem
558 2428 758 2497 conventus
771 2422 912 2485 credens
923 2423 1142 2503 garcionibus
1161 2495 1164 2500 .

191 2519 308 2598 ignem
337 2520 632 2601 extinguendum
674 2527 712 2583 at
748 2521 798 2583 illi
835 2522 905 2584 cito
944 2530 1024 2603 post
1065 2540 1142 2584 cum

191 2619 456 2696 descenderunt,
479 2620 560 2700 igne
584 2639 652 2682 non
673 2619 773 2701 plene
799 2621 967 2696 extincto,
984 2639 1142 2684 reaccen-

193 2736 321 2799 susque
350 2726 402 2781 est
426 2719 517 2799 ignis
546 2720 582 2780 in
613 2720 833 2794 carbonibus
864 2727 910 2796 et,
943 2721 1069 2802 partim
1098 2739 1142 2782 ex

192 2817 306 2880 calore
344 2817 425 2881 ferri
461 2819 587 2899 partim
627 2838 672 2881 ex
717 2820 896 2900 sparsione
944 2819 1143 2894 carbonum,

193 2918 340 2998 sumpsit
357 2935 396 2980 se
409 2917 500 2998 ignis
515 2917 550 2981 in
567 2916 730 2981 inferiora
741 2918 837 2998 ligna
855 2925 890 2982 et
906 2924 1032 2981 caetera
1048 2937 1143 2999 quae-

192 3035 259 3097 que
276 3017 486 3092 cremabilia,
507 3035 576 3098 quo
593 3017 729 3098 incepto
746 3016 936 3080 resolutum
958 3024 1012 3079 est
1030 3016 1145 3098 plum-

191 3116 274 3177 bum
297 3122 331 3178 et
353 3134 506 3178 accensae
528 3121 609 3178 sunt
630 3115 758 3178 tabulae
778 3135 882 3196 super
897 3115 1005 3195 tigna,
1022 3114 1143 3176 deinde

191 3214 299 3277 crevit
313 3214 350 3276 in
365 3215 569 3278 immensum
584 3221 620 3278 et
634 3213 849 3295 consumpsit
869 3214 1005 3286 omnia;
1030 3218 1065 3275 et
1080 3233 1143 3295 pro

193 3319 290 3375 tanto
300 3314 451 3395 dampno
465 3320 500 3377 et
512 3313 653 3397 jactura
668 3333 737 3376 non
749 3312 895 3388 modica,
908 3313 992 3394 ipsis
1008 3311 1142 3394 fugien-

192 3412 294 3487 tibus
312 3432 381 3475 nou
398 3414 477 3494 plus
492 3413 669 3476 consecuti
689 3431 808 3476 sumus
825 3413 892 3476 nisi
906 3412 1051 3493 vulgare
1068 3432 1142 3475 ver-

193 3512 286 3587 bum,
320 3510 449 3588 “Quid
480 3513 578 3594 potui
609 3511 748 3595 egoi''²
787 3511 889 3576 Unde
924 3529 1142 3575 successores

191 3610 227 3671 in
240 3617 417 3692 posterum
435 3632 479 3674 ex
497 3619 618 3676 nostra
633 3611 844 3693 negligentia
854 3612 989 3675 discant
1005 3611 1142 3674 cautius

190 3709 256 3771 sibi
271 3709 478 3791 providere.³
523 3711 654 3774 Eodem
676 3731 769 3774 anno
784 3711 962 3774 maritavit
976 3731 1039 3774 rex
1055 3711 1142 3773 duas
1158 3703 1226 3769 an.
1238 3730 1293 3767 1290.

226 3967 233 3994 ¹
249 3972 275 4018 A
293 3969 418 4018 medieval
436 3970 499 4017 form
511 3969 540 4017 of
552 3969 653 4018 trabes:
713 3965 724 3996 ⁸
740 3969 787 4017 We
809 3969 879 4017 learn
901 3968 936 4028 by
957 3967 999 4014 the
1022 3965 1093 4015 Rolls
1116 3967 1145 4014 oi

190 4038 247 4088 MS.
260 4038 328 4088 Coit.
340 4039 398 4088 Tib.
409 4039 484 4088 reads
496 4037 619 4087 ‘turbas'
679 4038 845 4098 Parliament,
867 4041 897 4086 18
914 4037 964 4084 Ed.
984 4035 1018 4095 1.,
1038 4035 1092 4084 that
1110 4051 1143 4084 on

223 4107 338 4158 ²‘Quid
365 4110 438 4168 potui
460 4103 570 4170 Oyghe,’
594 4107 652 4157 MS.
679 4112 786 4156 account
802 4106 831 4154 oi
850 4106 900 4154 this
921 4103 1081 4154 unfortunate
1100 4105 1143 4154 de-

188 4177 254 4227 Ooll.
285 4177 357 4226 Arm.
397 4180 404 4205 ‘
425 4178 497 4229 Quid
523 4178 653 4239 potuimus
678 4179 800 4226 struction
816 4175 845 4223 of
857 4175 923 4224 their
939 4178 1090 4236 monastery,
1101 4175 1143 4223 the

189 4247 282 4308 Eygh,'
294 4248 352 4298 MS.
364 4247 431 4297 Oott.
442 4249 500 4297 Tib.
679 4247 749 4307 King
760 4245 865 4307 granted
880 4245 923 4294 tbe
941 4245 1010 4305 prior
1025 4245 1075 4294 and
1086 4261 1144 4293 con-

990 4343 1038 4388 ci
