3138 4988
398 476 475 542 286.
771 492 981 542 canonicor«

246 663 379 754 {cmg
400 656 438 713 et
464 649 515 712 sic
540 654 651 713 cante·
659 647 742 712 fecit
763 653 800 712 et
821 649 908 712 beno
928 647 1116 726 ordinavit,
1135 648 1228 732 quod
1251 655 1364 714 αιιίοέ

240 767 504 832 *quam
526 748 788 812 confirmaretur
808 747 938 812 electus
964 748 1211 813 Duuolmensis
1228 749 1350 814 habuit

401 867 501 912 suem
525 848 703 930 pacificam
730 847 978 924 visitationem,
1000 867 1079 930 quae
1105 867 1127 912 a
1151 847 1268 913 multis
1294 869 1346 913 re-

400 948 545 1012 troactis
562 947 773 1029 temporibus
788 945 900 1011 fuerat
917 947 1145 1012 contradicta.

237 1060 294 1110 urs
295 1059 369 1149 tahan
445 1046 590 1112 Interim
614 1045 772 1112 dominus
793 1045 1151 1130 archiepiscopus&
1173 1055 1347 1130 praecepto

237 1161 290 1251 που
254 1111 531 1250 madomrnt
541 1164 654 1230 papae
665 1163 744 1212 cum
756 1145 907 1228 quodam
918 1147 1044 1212 abbate
1055 1152 1090 1212 et
1101 1163 1172 1210 uno
1181 1146 1347 1211 archadia

237 1211 364 1302 allon-¹¹²
364 1219 502 1323 ⁰'cona
516 1265 606 1329 quos
620 1265 642 1310 a
649 1245 896 1310 transmarinis
910 1246 1068 1328 partibus
1082 1246 1241 1310 dominus
1256 1265 1360 1329 pape-

401 1344 446 1409 ad
464 1345 539 1410 lraec
554 1345 752 1428 specialiter
768 1344 1018 1422 transmiserat,
1034 1345 1115 1410 fecit
1136 1346 1348 1427 singularem

401 1444 658 1526 inquisitionem
674 1463 696 1508 a
709 1443 856 1524 singulis
873 1444 1092 1527 Templariis,
1104 1453 1140 1508 et
1154 1446 1346 1510 examinari

402 1542 485 1608 facit
494 1543 1013 1627 unumquemqneTemplarinm
1022 1563 1086 1627 per
1096 1563 1134 1608 sc
1143 1563 1248 1626 super
1258 1563 1347 1627 prae·

401 1642 517 1706 missis
538 1643 575 1706 in
597 1642 798 1726 supradicte
821 1643 918 1706 bulla
940 1643 1123 1708 contentis.
1147 1713 1150 1718 Δ
1176 1643 1343 1726 Misitque

400 1741 445 1806 ad
461 1741 601 1824 singula
615 1743 824 1807 monasteria
838 1749 874 1806 et
891 1742 936 1805 ad
956 1743 1142 1824 magistros
1163 1743 1347 1825 theologiae

401 1841 509 1906 totius
536 1841 721 1924 provinciae
743 1861 817 1905 sure
840 1849 953 1906 certos
974 1842 1140 1907 articulos
1161 1861 1184 1906 a
1205 1843 1346 1927 quibus·

400 1940 478 2005 dam
497 1940 707 2024 Templeriis
731 1941 958 2020 confessuros,
975 1961 1080 2025 super
1094 1942 1219 2023 quibus
1237 1962 1353 2024 usqua·

400 2039 444 2104 ad
460 2041 642 2106 concilium
655 2056 757 2104 snum
771 2039 983 2122 provinciale
997 2041 1163 2123 praecepit
1176 2042 1226 2106 eis
1240 2041 1346 2106 libros

399 2139 591 2218 consulere,
605 2140 668 2204 et
657 2160 694 2202 ιιι
716 2140 836 2204 eodem
854 2140 999 2204 concilio
1023 2140 1067 2204 ad
1089 2141 1246 2222 singulos
1262 2144 1348 2205 arti·

236 2258 328 2299 sara
398 2240 496 2304 culos
509 2239 702 2304 consultius
714 2238 932 2321 respondere.
984 2237 1133 2305 Articuli
1149 2257 1232 2305 vero
1249 2250 1348 2306 crant

236 2309 373 2409 {ffel-ld?
398 2337 468 2403 isti.
520 2343 544 2376 ‘⁴
557 2337 764 2418 Quidamde
777 2337 997 2420 Templariis,
1014 2339 1107 2421 apud
1121 2339 1273 2404 Eborum
1287 2361 1346 2404 ex-

236 2411 304 2450 ‘m'
399 2438 557 2514 amineti,
587 2437 736 2502 confessi
765 2445 847 2502 sunt
873 2438 972 2519 quod
1005 2457 1152 2520 magnus
1181 2439 1347 2520 magister

398 2535 541 2612 ordinis,
557 2536 755 2600 visitatores
771 2543 807 2600 et
828 2544 1072 2619 praeceptores,
1088 2538 1147 2619 qui
1163 2547 1246 2602 sunt
1267 2539 1347 2603 laici

398 2642 434 2699 et
448 2634 589 2717 quidam
605 2654 723 2698 eornm
735 2636 874 2713 milites,
890 2644 1033 2719 possunt
1050 2636 1176 2701 fratres
1189 2655 1273 2700 suos
1287 2640 1345 2702 alr

398 2733 546 2810 solvere,
561 2741 597 2799 ct
614 2753 674 2799 eos
698 2735 884 2800 absolvunt
899 2736 933 2798 in
953 2735 1120 2819 capitulo,
1135 2734 1346 2819 injungendo

398 2834 450 2898 eis
465 2833 706 2917 poenitentiam
724 2853 788 2917 pro
807 2833 970 2916 peccatis.
1021 2834 1209 2913 Quaeritur,
1231 2844 1345 2900 utrum

398 2953 443 2997 ex
468 2933 534 2998 lrac
557 2933 772 2999 confessione
792 2934 925 3015 possint
949 2940 985 2998 et
1008 2933 1156 2998 debeant
1181 2942 1343 3017 tanquam

398 3033 550 3098 haeretici
572 3033 817 3099 condemnarit
871 3032 962 3097 Item
977 3033 1125 3098 confessi
1144 3041 1238 3111 sunt,
1253 3036 1344 3117 quod

398 3133 523 3199 fratres
539 3131 633 3198 illius
642 3133 772 3199 ordinis
783 3133 902 3196 statim
918 3133 952 3195 in
969 3132 1177 3196 admissione
1188 3151 1254 3197 sua
1265 3143 1347 3198 sunt

398 3233 555 3316 professi,
570 3241 605 3299 et
620 3233 713 3315 quod
724 3235 847 3319 jurent
861 3251 899 3296 se
914 3251 983 3295 non
999 3233 1096 3296 exire
1107 3231 1258 3296 ordinem
1274 3236 1346 3298 sine

397 3333 539 3398 licentia
569 3332 647 3416 ejus
676 3333 737 3416 qui
766 3351 843 3396 eam
873 3331 955 3394 dare
987 3338 1114 3412 potest.
1160 3330 1345 3409 Quaeritur,

398 3438 515 3495 utrum
542 3430 607 3496 hoc
633 3432 680 3496 sit
705 3449 900 3508 erroneum,
923 3437 959 3494 et
982 3429 1013 3492 si
1039 3430 1101 3505 sic,
1121 3448 1211 3495 anne
1232 3434 1346 3515 sapiat

398 3528 597 3594 haereticam
636 3530 869 3612 pravitatcmt
939 3528 1030 3592 Item
1069 3528 1216 3594 confessi
1254 3540 1345 3609 sunt,

398 3628 492 3710 quod
507 3627 542 3691 in
558 3628 753 3710 receptione
769 3629 915 3692 fratrum
927 3647 996 3692 non
1009 3625 1136 3692 debant
1148 3647 1226 3693 esso
1238 3631 1344 3714 aliqui

398 3732 587 3809 praesentes
619 3727 684 3789 nisi
712 3727 859 3801 fratres;
900 3735 935 3792 et
963 3727 1056 3809 quod
1081 3727 1201 3791 modus
1229 3749 1345 3814 recep·

398 3827 503 3890 tionis
530 3843 648 3890 eorum
667 3834 720 3890 est
743 3826 785 3889 de
809 3827 951 3890 secretis
974 3827 1133 3909 capituli,
1150 3826 1237 3891 adeo
1255 3831 1345 3910 quod

398 3943 461 3990 nec
478 3934 624 4008 possunt
643 3946 705 3990 nec
724 3924 851 3990 debent
877 3945 956 3990 eum
980 3925 1156 3990 extrancis
1182 3929 1344 3993 revelare.

398 4025 588 4104 Quaeritur,
601 4034 717 4090 utrum
731 4025 826 4090 istud
842 4025 887 4089 sit
902 4024 1061 4088 illicitum
1075 4024 1132 4088 vel
1142 4031 1343 4092 erroneuml

396 4132 432 4188 et
451 4133 567 4189 utrum
591 4135 662 4189 tam
688 4123 894 4207 suspicionis
918 4131 1041 4188 contra
1064 4123 1219 4189 ordinem
1241 4145 1344 4208 quarn

395 4225 517 4287 modus
549 4224 773 4305 professionis
808 4224 843 4286 in
867 4243 912 4289 ¹sa
943 4223 1120 4304 contineat
1150 4223 1344 4289 haereticam
