3138 4988
388 458 390 462 '
432 467 604 516 wanrmn
628 469 675 515 nn
698 467 985 518 unnruonuaon.
1107 457 1172 520 331

222 627 316 686 staro
336 623 504 700 savorem,
521 625 703 700 auxilium,
723 631 758 690 et
777 625 957 689 consilium
983 647 1172 712 praesump-
1188 663 1277 704 mm
1293 663 1335 718 111¹

222 720 320 801 sisti;
354 723 471 800 immo,
499 724 591 805 quod
617 724 852 805 perniciosius,
883 726 970 806 proh
995 726 1114 792 dolor!
1139 736 1174 792 et
1200 715 1257 754 ’ω’
1271 715 1328 754 ¹³³⁹·

223 818 453 885 damnabilius
488 823 643 886 noscitur
678 823 842 899 existere,
878 824 908 887 si
932 825 1061 888 veritas
1088 827 1173 891 rela-
1187 797 1337 937 &dicim

224 919 317 982 tibus
349 920 570 1002 suffragetur,
597 922 784 985 vicariatus
807 919 955 986 officium
977 943 1041 1005 per
1064 931 1175 989 totam
1235 923 1240 934 '

224 1016 1174 1104 AlmanniametGermaniam,acuniversasetsingulas

225 1135 343 1180 earum
355 1119 550 1200 provincias
565 1119 640 1182 sive
650 1125 780 1200 partes,
792 1120 838 1183 ab
852 1119 971 1184 eodem
985 1121 1174 1198 Ludovico,

225 1217 290 1278 sub
304 1216 493 1299 imperialis
511 1217 658 1281 nominis
679 1217 794 1293 titulo,
809 1225 849 1282 ut
864 1219 1043 1296 asseritur,
1056 1240 1174 1285 susce·

226 1311 308 1394 pisti
332 1314 375 1379 ds
398 1315 504 1393 facto,
523 1335 602 1380 cum
625 1317 700 1398 ipse
722 1316 920 1381 Ludovicus
941 1338 1005 1382 nec
1029 1339 1091 1382 rex
1112 1316 1195 1384 nec‘

225 1413 414 1494 imperator
446 1415 505 1490 sit,
533 1422 575 1478 ut
602 1416 795 1497 praefertur.
859 1415 970 1500 Cujus
1000 1425 1174 1500 praetextu

226 1513 400 1576 nonnullis
431 1514 584 1595 praelatis
613 1513 837 1578 ecclesiarum
868 1523 904 1578 et
935 1519 1090 1597 personis
1120 1537 1175 1581 ec-

226 1611 427 1675 clesiasticis
443 1613 478 1674 in
493 1614 595 1676 torris
612 1613 746 1696 imperii
765 1614 977 1690 constitutis
993 1617 1081 1679 acin
1093 1635 1168 1680 nos·

229 1716 283 1772 tra
304 1716 338 1772 et
359 1711 513 1774 ecclesiae
529 1719 727 1776 memoratae
745 1711 929 1776 devotione
951 1732 991 1777 ac
1010 1713 1177 1780 fidelitate

229 1807 352 1872 debitis
378 1809 654 1890 persistentibus
684 1811 749 1872 sub
776 1811 888 1893 poenis
915 1814 1092 1892 gravibus,
1117 1833 1178 1896 per

230 1913 309 1969 tuas
327 1907 375 1969 eis
400 1907 520 1971 literas
543 1909 773 1983 comminatis,
791 1907 974 1972 mandasse
1001 1911 1124 1975 diceris
1143 1919 1178 1975 et

229 2005 420 2069 districtius
435 2006 643 2089 injunxisse,
659 2013 699 2069 ut
719 2006 762 2069 ad
779 2015 825 2082 te,
841 2013 1007 2087 tanquam
1024 2010 1177 2092 ejusdem

231 2103 401 2168 Ludovioi
421 2106 456 2168 in
480 2103 666 2168 Almanniu
687 2111 724 2168 et
745 2103 935 2169 Germania
963 2113 999 2170 et
1023 2108 1179 2188 partibus

231 2203 439 2284 supradictis
462 2204 639 2278 vicarium,
659 2211 695 2267 et
709 2204 862 2267 audituri
878 2207 1126 2270 sententiarum
1143 2219 1178 2272 et

225 2301 434 2385 judiciorum
453 2303 563 2384 ipsius
580 2302 748 2366 Ludovici
767 2310 975 2386 tuorumque
997 2306 1178 2370 mandato·

232 2421 308 2463 rum
323 2401 577 2478 rectitudinem,
595 2421 636 2464 ac
655 2401 845 2482 praestituri
862 2402 972 2466 eidem
991 2403 1180 2481 Ludovico,

232 2498 287 2563 vel
312 2499 374 2563 tibi
395 2501 470 2582 ejus
491 2501 640 2577 nomine,
671 2499 932 2580 recognitiones
957 2501 1120 2584 homagia
1138 2505 1181 2568 de

232 2599 345 2675 terris,
366 2600 479 2677 bonis,
501 2607 537 2663 et
547 2599 697 2682 juribuS,
725 2619 803 2683 quae
819 2606 937 2664 tenent
957 2601 1008 2664 ab.
1023 2603 1179 2685 imperio,

233 2699 466 2763 convenirent.
503 2699 558 2762 De
574 2705 609 2762 te
620 2699 739 2779 igitur,
754 2697 815 2774 fili,
828 2700 887 2762 ubi
898 2700 944 2764 sit
953 2707 1015 2764 tua
1026 2708 1180 2765 tuorum·

232 2817 300 2878 que
310 2797 584 2861 consiliariorum
596 2797 779 2878 prudentia
791 2816 836 2860 ex
848 2818 890 2862 eo
905 2801 1094 2880 praesertim
1111 2822 1180 2864 non

232 2895 420 2959 sufficimus
436 2895 608 2972 admirari,
621 2896 713 2978 quod
726 2915 805 2958 cum
816 2903 867 2972 tu,·
876 2898 1181 2977 sicutaudivimus,

233 3013 296 3074 pro
311 2993 449 3057 illorum
466 2995 670 3076 repetitione
688 2994 832 3076 jurium,
848 3011 926 3076 quse
941 2996 984 3058 ad
1004 3005 1038 3061 te
1056 3000 1182 3062 asseris

165 3091 173 3108 ⁰
233 3093 488 3173 pertinere,non
497 3095 571 3158 sine
580 3093 760 3174 grandium
771 3111 996 3174 personarum
1007 3097 1182 3177 periculis,

234 3210 275 3255 ac
307 3211 537 3274 expensarum
572 3200 608 3256 et
641 3198 842 3273 sumptuum
871 3193 1061 3273 profluviis
1086 3215 1182 3277 pere-

234 3291 364 3372 grinari
378 3291 420 3355 ad
443 3297 558 3374 partes
578 3290 771 3354 Almanniae
795 3293 982 3370 curaveris
998 3302 1033 3357 et
1054 3295 1182 3358 multos

234 3410 338 3473 super
355 3390 420 3454 hoo
432 3390 552 3454 seceris
567 3399 770 3472 apparatus,
783 3410 872 3452 nunc
888 3393 1012 3473 spretis
1027 3393 1181 3476 ejusdem

234 3490 496 3571 praedecessoris
531 3489 761 3572 processibus
788 3496 823 3553 et
847 3490 1005 3555 deductis
1042 3493 1181 3557 damna-

234 3589 347 3652 biliter
372 3591 408 3653 in
425 3594 660 3671 contemptum
681 3587 793 3671 poenis
813 3595 848 3652 et
868 3593 1043 3654 sententiis
1061 3611 1182 3673 supra-

235 3687 348 3763 dictis,
377 3689 501 3769 quibus
532 3697 567 3752 te
599 3686 792 3764 manifeste,
814 3688 847 3750 si
872 3708 950 3770 quae
976 3693 1074 3754 nobis
1096 3692 1182 3755 refe-

234 3794 357 3849 runtur
373 3806 456 3851 vera
475 3789 557 3864 sint,
574 3807 642 3852 uon
657 3789 788 3868 absque
810 3787 980 3852 horrenda
995 3797 1090 3865 nota,
1106 3809 1184 3873 quaa

234 3905 303 3948 non
326 3904 448 3967 parum
474 3886 631 3949 obfuscat
653 3886 704 3950 tui
726 3885 917 3948 claritatem
941 3891 1087 3966 generis,
1104 3909 1184 3970 pro-

234 3985 395 4048 culdubio
411 3983 660 4066 ‘implicasti.'1
713 3985 759 4048 Et
776 3983 1008 4061 nihilominus,
1026 3989 1183 4068 quamvis

271 4143 277 4171 ¹
297 4145 507 4206 ‘multiplicasti,'
521 4144 577 4192 MS.
594 4143 660 4194 0011.
674 4145 780 4205 Magd.;
799 4145 1015 4210 ‘multiplicitati,'
1030 4149 1105 4199 MSS.
1118 4148 1184 4200 cott.

234 4215 305 4262 Nero
317 4215 352 4263 D.
364 4215 392 4264 ii.
405 4214 456 4262 and
467 4214 533 4262 Coll.
545 4214 614 4262 Trin.
627 4214 658 4262 R.
671 4219 696 4276 5,
709 4218 749 4264 10.
