3144 4990
421 485 593 534 wncrurn
618 485 664 532 nn
687 484 972 536 nnnmcnuncn.
1102 467 1168 532 393

218 661 282 725 pro
321 642 452 706 viribus
489 643 717 724 repensivam.
791 642 996 708 Celsitudini
1043 646 1169 705 vestrae
1182 662 1273 703 aaran
1287 661 1331 702 111.

218 741 323 805 donet
345 739 546 807 Altissimus
570 743 697 806 vctivae
722 742 900 806 felicitatis
923 737 1167 823 ‘augmenta.'¹
1182 713 1328 778 Q

220 841 375 904 ‘Datum
391 841 484 923 apud
492 841 840 906 westmonasterium
850 841 994 904 xlvdie
1011 841 1033 905 J
1037 840 1120 902 ulii!
1131 837 1172 873 ”²

267 939 408 1004 Mortuo
444 940 634 1005 Benedicta
666 938 777 1004 ΧΙΙ.8
810 941 976 1004 successit
1010 939 1172 1004 Clemens

222 1037 290 1102 VI.
343 1038 414 1104 Hic
449 1038 492 1102 de
524 1040 649 1103 abbate
682 1039 811 1103 ordinis
841 1039 962 1102 Sancti
993 1037 1174 1102 Benedicti

223 1137 336 1219 iactus
362 1145 416 1202 est
443 1135 701 1202 Attrebatensis
730 1139 923 1220 episcopus,
949 1147 1072 1222 postea
1095 1155 1194 1210 sucu

224 1236 355 1300 cessive
379 1237 421 1301 ad
448 1236 764 1320 archiepiscopatus
787 1237 1018 1301 Senonensem
1041 1244 1076 1300 et
1101 1235 1175 1299 Ro·

224 1343 459 1416 tomagensem
490 1343 704 1418 assumptus,
739 1336 877 1398 demum
909 1336 952 1399 ad
981 1335 1176 1399 cardinala-

224 1440 346 1510 tumet
362 1435 500 1498 tandem
516 1434 559 1497 ad
577 1441 742 1516 papatum
761 1433 926 1499 ascendit.

271 1533 417 1616 Scripsit
433 1540 549 1596 autem
565 1533 756 1597 Edwardus
772 1553 834 1596 rex
852 1531 991 1614 Angliae
1006 1532 1177 1614 episcopis

226 1633 298 1710 suis
331 1634 395 1696 sub
429 1633 549 1695 forma.
601 1638 622 1667 ‘⁴
635 1632 837 1710 Edwardus,
870 1632 937 1696 Dei
970 1633 1084 1713 gratia
1114 1651 1178 1694 rex
1190 1653 1320 1701 menna

226 1730 366 1812 Angliae
394 1738 428 1795 et
453 1731 609 1794 Franciae
635 1738 671 1795 et
699 1732 857 1796 dominus
886 1731 1073 1806 Hiberniae,
1100 1705 1328 1807 etc.,lil¹i0‘.².⁰l.'¹⁰

228 1829 387 1893 salutem.
447 1829 628 1893 Terribilis
654 1831 689 1892 in
712 1829 855 1914 judiciis
885 1835 919 1894 et
946 1829 1179 1893 inscrutabilis
1190 1805 1310 1905 iiiiii?

227 1929 263 1996 in
280 1929 425 1992 consilio
442 1927 521 1992 Rex
539 1928 703 2005 coelestis,
718 1929 778 2010 qui
795 1928 899 2010 digne
920 1927 1076 2008 flagellat
1091 1926 1180 1990 lilios
1191 1914 1283 1944 Μ’·

229 2046 316 2108 quos
334 2027 459 2108 diligit,
479 2027 631 2091 ostendit
649 2027 850 2110 plerumque
875 2027 1032 2109 peccanti
1051 2027 1180 2108 populo

228 2127 328 2202 dura,
358 2133 542 2208 peccantes
570 2133 713 2209 propter
743 2125 941 2207 iniquitates
964 2144 1046 2189 suas
1073 2124 1181 2187 hnmi-

229 2225 331 2307 lians,
355 2233 395 2288 ut
418 2225 468 2289 sic
487 2225 531 2288 ad
555 2245 593 2288 se
614 2224 743 2289 reversi
761 2231 918 2306 quaerant
938 2223 1100 2288 humilius
1122 2243 1180 2287 no.-

230 2344 308 2388 men
333 2324 420 2406 ejus..
473 2324 667 2389 Pensantes
686 2325 805 2406 itaque
823 2324 962 2406 quantis
980 2341 1181 2404 guerrarum

231 2423 455 2488 incommodis
482 2431 516 2487 et
547 2422 815 2488 adversitatibus
845 2441 909 2486 nos
941 2429 976 2485 et
1004 2422 1181 2504 subjectus

230 2523 330 2600 nobis
349 2522 511 2604 populus,
537 2523 687 2604 peccatis
707 2522 835 2586 nostris
853 2521 908 2585 vel
931 2521 1040 2606 ipsius
1062 2519 1182 2602 populi

231 2640 292 2684 sen
308 2623 489 2704 utriusque
502 2621 648 2686 forsitan
659 2621 890 2703 exigentibus,
900 2619 1028 2683 suimus
1043 2639 1066 2682 a
1079 2619 1183 2699 longe

232 2729 325 2785 retro
357 2720 569 2802 temporibus
602 2728 637 2784 et
669 2721 782 2783 adhuc
820 2739 950 2796 sumus,
988 2718 1184 2782 immaniter

232 2819 396 2896 lacessiti,
420 2839 460 2883 ac
485 2819 709 2882 facultatibus
730 2818 875 2900 collapsi
896 2818 1051 2900 graviter
1067 2826 1103 2882 et
1125 2837 1183 2880 ex·

232 2917 359 2993 hausti,
387 2937 428 2980 ac
465 2917 721 2980 considerantes
755 2916 949 2998 periculosa
986 2916 1184 2979 discrimina

234 3017 333 3080 nobis
349 3023 385 3079 et
401 3017 529 3080 nostris
546 3016 729 3078 visibiliter
745 3015 969 3090 imminentia,
985 3015 1051 3076 nisi
1068 3014 1185 3076 divina

233 3115 450 3198 providentia
473 3114 674 3178 clementius
694 3115 887 3196 respexerit
901 3132 964 3176 nos
984 3133 1029 3176 ex
1044 3113 1127 3188 alto,
1148 3113 1184 3175 in

235 3220 335 3278 tanta
361 3214 582 3279 tribulatione
606 3213 774 3278 malorum
797 3219 834 3276 et
851 3212 969 3276 dolore
994 3211 1076 3274 dum
1104 3230 1185 3274 nos·

236 3322 327 3385 trum
346 3309 575 3396 conspicimus
587 3312 835 3395 imperfectum,
851 3311 1001 3374 divinam
1012 3314 1022 3343 ‘
1034 3319 1186 3374 contem-

231 3414 371 3495 plamur
382 3413 390 3438 '
403 3411 416 3447 ⁴
431 3413 728 3494 omnipotentiam,
749 3417 941 3494 sperantes
962 3410 1053 3492 quod
1066 3409 1185 3493 justus

233 3619 291 3669 MS.
303 3619 368 3670 eon.
377 3620 477 3682 Magd.;
490 3619 578 3669 ‘nobis
588 3620 696 3668 benevo-
757 3616 768 3646 ³
786 3617 857 3680 Pope
870 3618 996 3667 Benedict
1007 3617 1072 3667 XII.
1084 3618 1143 3666 died
1154 3633 1186 3666 on

232 3688 339 3750 lentiae,'
350 3690 407 3740 MS.
419 3689 485 3739 Gott.
500 3691 570 3738 Nero
582 3690 619 3739 D.
629 3690 657 3740 ii.
721 3688 764 3737 the
783 3689 843 3736 ssth
860 3688 889 3737 of
902 3689 988 3750 April,
1000 3691 1073 3736 1342.
1110 3688 1187 3736 Peter

722 3758 814 3820 Roger,
825 3757 986 3818 Archbislrop
997 3757 1026 3805 oi
1035 3757 1124 3805 Rouen
1135 3757 1186 3804 and

721 3842 737 3874 a
744 3826 877 3888 Cardinal,
883 3827 941 3875 who
953 3824 1135 3886 succeededby
1144 3826 1186 3874 the

267 3889 277 3918 ²
290 3888 400 3941 ‘Datum
408 3893 545 3942 Londoniis
554 3893 696 3956 unnoregni
721 3896 776 3944 title
788 3896 817 3943 of
830 3895 945 3944 Clement
954 3895 1012 3957 Vl.,
1022 3908 1078 3942 was
1089 3895 1187 3942 elected

179 4009 186 4017 ,
231 3963 311 4012 nostri
340 3963 455 4011 Franciae
481 3962 602 4025 secundo,
624 3964 696 4025 regni
722 3979 754 4012 on
773 3964 816 4012 the
839 3965 883 4012 ath
902 3964 931 4012 of
950 3964 1186 4024 May‚,1342,and

232 4045 292 4080 vero
315 4033 394 4080 nostri
416 4032 518 4093 Angliae
541 4033 629 4092 quinto
651 4032 695 4080 de·
722 4032 840 4081 crowned
864 4033 908 4081 the
930 4032 989 4080 leth
1008 4032 1037 4080 of
1056 4033 1098 4081 the
1117 4045 1187 4080 same

233 4101 318 4162 cimo‚'
329 4101 385 4149 MS.
394 4101 460 4150 Goll.
470 4101 570 4162 Magd.;
584 4100 695 4149 ‘Datum
723 4101 818 4150 month.

233 4170 531 4231 Londoniisannoregni
545 4171 697 4234 nostrixv.,'
758 4169 917 4220 ⁴Amended
942 4171 1004 4218 lrom
1030 4169 1088 4219 MS.
1111 4169 1186 4218 Harl.

235 4239 292 4288 MS.
305 4239 371 4290 Octt.
383 4241 453 4288 Nero
464 4239 498 4289 D.
511 4240 539 4289 ii.
723 4245 770 4288 655
781 4257 788 4301 3
800 4241 876 4292 MSS.
885 4240 962 4288 read‘
972 4237 1188 4300 contemplantes.'

269 3787 277 3819 ¹
295 3791 491 3856 ‘augmentum'
502 3790 580 3842 MSS.
