3138 4988
389 466 457 532 284
754 482 968 530 ennonroon

236 660 366 751 punarlepp
390 651 426 706 et
450 639 606 724 personis
626 641 737 723 ipsius
763 643 807 706 ab
834 641 1026 724 apostolica
1046 639 1131 704 sede
1154 643 1340 719 concessis,
1555 658 1556 696 ι

229 792 279 831 n„
287 793 377 844 Mo
390 761 452 824 per
481 761 560 823 quae
583 739 726 804 effectus
756 742 979 823 praesentium
1005 745 1124 823 posset
1148 742 1340 822 quomodo-¹

228 841 332 884 ⁰¹⁹¹¹²²¹²t
351 805 474 904 Pelibet
489 840 660 922 impediri
710 840 858 919 Quod
829 861 859 904 ει
876 840 1051 924 praedictis
1071 841 1339 922 contempserint

390 958 603 1022 comparere,
618 939 840 1005 nihilominus
854 949 977 1008 contra
993 942 1089 1022 ipsos
1104 940 1173 1004 ad
1163 941 1342 1022 inquiren-

390 1039 534 1106 dumet
564 1040 842 1103 sententiantium
872 1059 935 1104 seu
966 1039 1192 1104 ordinandum
1217 1059 1338 1119 eorum

390 1139 654 1216 contumaciam,
666 1139 784 1202 divina
798 1139 951 1221 replente
966 1139 1161 1221 praesentia,
1172 1138 1335 1221 procede·

392 1246 459 1316 tur,
487 1238 617 1320 negotii
643 1238 824 1320 qualitate,
847 1238 988 1321 justitia
1012 1245 1048 1302 et
1068 1239 1232 1319 aeqnitate
1253 1257 1336 1320 pen·

391 1338 489 1402 satis.
542 1337 592 1400 Ut
622 1344 737 1401 autem
768 1336 964 1420 hujusmodi
996 1344 1118 1403 nostra
1140 1337 1260 1400 citatio
1291 1337 1336 1400 ed

392 1455 606 1500 communem
620 1437 770 1500 omnium
792 1441 1015 1518 personarum
1035 1436 1191 1519 praedicti
1207 1436 1337 1500 ordinis

392 1535 552 1599 notitiam
581 1534 781 1612 deducatur,
812 1541 888 1600 eam
917 1537 953 1599 in
983 1537 1115 1618 palatio
1146 1535 1337 1617 apostolico

392 1633 540 1716 publice,
563 1641 733 1716 praesente
758 1634 908 1698 fidelium
936 1635 1156 1698 multitudine
1184 1636 1336 1716 copiosa,

391 1741 428 1798 et
455 1734 491 1798 in
512 1733 689 1798 audientia
712 1732 851 1816 publica
863 1734 937 1816 'legi
953 1743 989 1798 et
1007 1734 1187 1818 publicari,
1203 1754 1336 1798 necnon

391 1833 530 1898 chartas
558 1841 595 1896 et
623 1835 853 1910 membranas,
888 1834 1087 1900 citationem
1121 1834 1335 1898 continentes

389 1932 547 2008 eandem,
561 1932 597 1996 in
614 1933 755 2016 majoris
770 1933 924 1996 ecclesiae
935 1931 1111 2010 ¹Pictaviee
1126 1931 1219 2014 affigi
1236 1934 1337 1998 ostiis

391 2045 453 2094 seu
479 2051 584 2113 super
607 2031 820 2096 liminaribus
843 2032 1021 2111 iaciemus,
1037 2052 1117 2114 quae
1137 2032 1334 2098 citationem

391 2132 501 2212 ipsam
522 2131 572 2194 sic
603 2131 707 2213 quasi
726 2149 851 2195 sonoro
881 2132 1055 2214 preeconio
1078 2144 1116 2196 et
1139 2131 1260 2214 patulo
1283 2132 1335 2195 in·

390 2229 482 2296 dicio
507 2231 746 2311 publicabunt,
762 2231 812 2294 ita
827 2230 920 2313 quod
942 2231 1002 2309 hii,
1019 2250 1106 2312 quos
1123 2231 1244 2294 citatio
1259 2231 1336 2313 ipsa

391 2331 581 2411 continget,
619 2330 749 2394 nullam
785 2331 920 2413 possint
952 2332 1211 2394 excusationem
1246 2351 1336 2412 pree-

392 2428 531 2492 tendere
548 2429 640 2511 qnod
657 2429 703 2493 ad
722 2449 781 2493 eos
801 2430 882 2494 talis
904 2431 1024 2495 citatio
1039 2449 1108 2494 non
1130 2431 1336 2512 pervenerit,

391 2526 446 2590 vel
462 2527 555 2608 quod
575 2528 813 2609 ignoraverint
838 2529 993 2606 eandem,
1007 2549 1086 2594 cum
1100 2530 1230 2594 nonsit
1246 2529 1338 2593 veri-

391 2627 503 2692 simile
533 2646 709 2690 remanere
746 2630 860 2710 quoad
896 2630 991 2711 ipsos
1031 2629 1242 2710 incognitum
1280 2630 1337 2694 vel

391 2727 565 2791 occultum
580 2726 672 2810 quod
688 2734 761 2792 tem
780 2735 939 2809 patenter
955 2729 1113 2793 omnibus
1129 2729 1335 2810 publicetur.

229 2845 347 2894 Τιιωᾱιι,
391 2825 525 2891 Datum
555 2825 710 2891 Pictavis
741 2843 789 2890 vr.
814 2829 893 2892 idus
922 2826 1090 2909 Augusti,
1109 2827 1332 2909 pontificatus

229 2895 315 2944 m
391 2927 501 2990 nostri
513 2945 604 2990 anno
617 2927 753 2991 terti0.’'
780 2927 966 3009 Lectisque
977 2927 1026 2991 sic
1035 2927 1139 2991 bullis
1150 2927 1335 3009 praedictis,

392 3024 519 3108 adjecit
544 3025 823 3108 archiepiscopus
849 3026 941 3109 quod
967 3045 990 3088 a
1017 3034 1239 3109 procuratore
1259 3046 1335 3104 sno,

391 3124 426 3188 in
461 3126 558 3190 curia
586 3124 746 3190 Romana
774 3127 976 3202 constituto,
1004 3125 1125 3190 literas
1153 3134 1336 3207 acceperat

388 3230 502 3288 certas
531 3224 586 3288 die
615 3225 774 3307 proximo
800 3225 1028 3307 praecedente,
1056 3225 1148 3306 qnod
1175 3225 1334 3288 dominus

389 3342 494 3405 pape,
526 3323 577 3386 de
615 3325 760 3388 consilio
785 3324 1023 3390 cardinalium
1064 3343 1216 3400 suorum,
1254 3344 1334 3407 pro·

372 3421 592 3503 ⁴longaverat
617 3443 727 3505 usqne
751 3425 788 3487 in
809 3443 936 3504 annum
959 3430 1170 3504 sequentem,
1195 3431 1335 3506 propter

392 3521 486 3602 quod
501 3520 630 3584 dimisit
645 3541 925 3605 unumquemque
941 3522 1105 3585 inlocum
1120 3541 1231 3585 suum.

226 3644 255 3684 ι.
262 3643 290 3683 ιι.
302 3644 358 3682 nn.
440 3619 571 3684 Eodem
595 3638 685 3683 anno
705 3621 790 3685 obiit
812 3627 929 3686 comes
956 3621 1210 3686 Lincolniensis
1237 3621 1335 3684 Hen-

226 3709 354 3797 ssffl„
389 3718 494 3794 ricus,
510 3719 566 3782 eui
590 3720 759 3783 successit
773 3719 845 3784 filia
865 3740 929 3784 sua
949 3718 1077 3798 unica,l
1100 3739 1204 3801 quem
1221 3740 1334 3784 comes

228 3808 325 3856 ΜΨ
388 3817 431 3880 de
448 3817 650 3882 Lancestria
668 3818 817 3883 duxerat
843 3821 879 3883 in
905 3827 1061 3895 uxorem,
1087 3826 1122 3882 et
1145 3821 1202 3883 sic
1220 3823 1334 3883 accre-

387 3925 512 3983 verunt
534 3918 565 3982 ei
588 3918 657 3982 dno
683 3919 869 3984 comitatus
889 3939 969 3983 cum
987 3918 1116 3982 honore
1138 3918 1182 3982 de
1207 3918 1335 3983 Ponte·

421 4097 430 4128 ¹
447 4100 718 4162 Thrsladywashlrce
728 4101 760 4149 de
767 4101 847 4162 Lacy,
872 4099 932 4161 and,
950 4101 1015 4148 ester
1032 4099 1073 4148 his
1091 4100 1207 4162 decease,
1226 4102 1335 4152 married

385 4169 443 4218 who
454 4171 580 4230 espoused
590 4170 699 4218 Thomas
711 4171 847 4232 Plautege·
873 4171 974 4219 Enbold
984 4171 1009 4219 le
1021 4170 1135 4231 strange.

381 4243 436 4302 net,
447 4239 509 4288 Earl
525 4241 554 4290 of
569 4240 736 4302 Leucaster,'
728 4255 755 4288 ιιι
772 4243 846 4304 1311,
