3144 4990
406 496 577 546 weuram
601 493 648 542 ns
670 491 954 540 ssnrmsuncrr.
1090 476 1155 538 411

207 639 383 734 aliquibus
402 652 514 730 factis,
528 653 625 736 ipsas
640 652 855 734 provisiones
876 671 938 716 seu
957 670 1156 735 processum
1169 660 1320 753 Egyffislgf

208 768 326 814 earum
351 753 644 829 concernentibus,
673 753 903 815 instrumenta
931 751 1071 833 publica
1100 751 1317 815 vel-'‘-

207 850 423 930 protbocolla
455 850 604 928 faciatis
628 870 691 914 nec
721 869 785 914 vos
814 852 874 913 alii
901 850 1021 915 fideles
1046 850 1158 914 nostri

207 949 309 1018 dictis
319 949 519 1030 alienigenis
531 950 584 1013 vel
594 968 712 1013 eorum
722 950 1157 1031 procuratoribus,nunciis

209 1055 269 1110 aut
280 1067 395 1112 eorum
408 1047 806 1128 substitutisdelegatis,
816 1047 1064 1128 subdelegatis,
1073 1067 1156 1112 exe·

209 1148 398 1224 cutoribus,
415 1145 723 1211 subexecuto'ribus
744 1148 889 1210 notariis
911 1148 947 1209 in
969 1146 1034 1209 hac
1058 1154 1157 1228 parte

209 1246 373 1326 pareatis,
384 1246 439 1309 vel
454 1246 672 1326 aliquatenus
683 1245 884 1309 intendatis.
938 1243 1015 1308 Nec
1027 1263 1088 1308 vos
1102 1245 1156 1308 vel

209 1351 362 1408 vestrum
376 1344 501 1425 aliquis
511 1340 696 1426 quicquam
708 1345 745 1406 in
757 1344 821 1406 hac
831 1351 931 1424 parte
942 1342 1091 1421 faciatis,
1103 1342 1157 1407 vel

210 1441 424 1526 attemptetis
441 1460 582 1525 pervus
599 1441 655 1505 vel
681 1439 769 1505 alios
785 1441 922 1523 publice
940 1440 995 1505 vel
1012 1442 1157 1517 occulte,

210 1541 303 1622 quod
336 1542 373 1604 in
403 1541 639 1624 praejudicium
668 1537 848 1622 dignitatis
871 1547 907 1603 et
931 1540 1021 1623 juris
1048 1540 1160 1603 nostri

209 1640 308 1720 regii,
340 1657 381 1702 ao
413 1640 669 1703 enervationem
704 1647 739 1703 et
770 1639 1030 1703 diminutionem
1055 1639 1159 1721 juris,

210 1745 416 1820 patronatus
455 1744 490 1801 et
521 1735 773 1814 advocationis,
806 1737 904 1800 nobis
932 1744 970 1800 et
1002 1737 1160 1801 fidelibus

109 1863 112 1868 ’
209 1838 337 1899 nostris
365 1837 642 1919 competentium,
671 1837 782 1917 possit
808 1834 1004 1916 aliqualiter
1033 1835 1159 1898 redun-

211 1934 303 1998 dare.
366 1935 483 2010 Teste,
514 1942 580 1998 etc.
612 1953 703 1997 anno
731 1941 771 1997 ut
802 1933 942 2015 supra.''
1015 1933 1161 2016 Scripsit

212 2053 350 2114 quoque
397 2051 461 2096 rex
506 2033 764 2097 vicecomitibus
802 2034 866 2095 sub
910 2031 976 2094 hiis
1023 2032 1158 2096 verbis:

211 2131 326 2196 “Rex
343 2133 421 2208 vie,
437 2139 504 2196 etc.
521 2131 747 2213 Praecipimus
771 2131 847 2207 tibi,
876 2129 1020 2194 firmiter
1044 2130 1158 2213 injun·
1172 2155 1304 2207 merrus.

213 2238 346 2312 gentes,
379 2230 471 2313 quod
507 2230 544 2291 in
575 2230 721 2310 singulis
757 2227 842 2292 locis
874 2229 965 2292 infra
995 2228 1160 2292 ballivum
1173 2207 1313 2298 liddsdm

213 2336 321 2406 tuam,
346 2328 406 2392 ubi
435 2329 598 2410 expedire
627 2328 766 2404 videris,
789 2326 927 2409 publice
955 2327 1160 2410 proclamari
1173 2305 1302 2405 llffllgtlss

213 2434 248 2492 et
278 2447 323 2492 ex
344 2435 444 2509 parte
473 2433 594 2490 nostra
619 2426 762 2490 firmiter
785 2425 943 2503 inhiberi,
968 2425 1088 2505 facias,
1118 2405 1310 2506 nessssdffldnd

213 2527 291 2608 quis
322 2526 559 2608 cujuscunque
588 2532 701 2615 status
727 2541 788 2588 seu
813 2524 1019 2588 conditionis
1047 2503 1319 2604 fueritlt‘lllsslll

213 2627 279 2688 sub
295 2625 396 2706 gravi
419 2623 640 2690 forisfactura
664 2630 783 2687 nostra
806 2623 895 2686 infra
914 2641 1059 2704 regnum
1083 2605 1324 2696 nos-{llllssfs‘h‘

212 2733 305 2786 trum
333 2723 470 2804 Anglioe
500 2721 634 2786 deferat
660 2722 791 2798 literas,
815 2721 942 2798 bullas,
967 2741 1162 2804 processus,

214 2841 276 2886 seu
297 2821 526 2885 instrumenta
542 2822 672 2903 aliqua,
688 2821 787 2884 nobis
809 2839 871 2883 seu
889 2821 1017 2901 populo
1043 2828 1163 2885 nostro

214 2919 476 3003 praejudicialis,
518 2936 580 2982 seu
624 2918 809 3000 quicquam
852 2917 948 2980 aliud
992 2919 1086 3000 quod
1127 2920 1164 2982 in

214 3017 390 3081 laesionem
414 3036 550 3081 coronae
572 3023 608 3080 et
635 3015 816 3097 dignitatis
838 3023 978 3091 nostrae,
1001 3033 1063 3080 seu
1081 3017 1164 3080 dicti

214 3117 336 3199 populi
357 3118 466 3180 nostri
488 3115 728 3198 praejudicium
756 3114 876 3178 cedere
899 3113 1027 3190 valeat,
1053 3115 1165 3178 archi-

216 3215 399 3298 episcopis,
416 3215 601 3297 episcopis,
617 3220 683 3276 etc.
698 3214 734 3276 in
759 3231 866 3294 regno
888 3219 1007 3276 nostro
1024 3211 1165 3294 Angliae

216 3313 414 3393 liberanda3
437 3321 474 3378 at
497 3312 589 3396 quod
615 3313 731 3376 nullus
756 3330 798 3374 ea
820 3311 937 3393 aliquo
967 3313 1069 3376 modo
1091 3312 1164 3376 sine

216 3413 383 3480 mandato
397 3419 516 3477 nostre
532 3411 687 3493 speciali,
700 3412 767 3474 sub
785 3407 1005 3473 forisfactura
1017 3411 1164 3492 praedic·

216 3519 255 3576 ta
271 3511 422 3593 recipere
437 3517 637 3593 praesumat,
658 3517 696 3572 st
711 3527 829 3572 ornnes
846 3527 934 3590 quos
949 3517 1070 3572 contra
1085 3528 1165 3591 pro-

216 3610 458 3674 clamationem
480 3616 514 3673 et
528 3608 765 3672 inhibitionem
780 3607 976 3690 praedictas,
991 3606 1165 3684 ‘literas,'²

218 3709 344 3785 bullas,
366 3727 561 3790 processus,
584 3725 647 3770 seu
667 3707 896 3772 instrumenta
913 3706 1043 3788 aliqua,
1068 3707 1166 3770 nobis
1263 3703 1267 3710 ’

219 3826 281 3872 scu
306 3807 435 3888 populo
462 3813 580 3870 nostro
606 3804 866 3888 praejudicialia,
889 3823 951 3867 seu
982 3805 1167 3886 quicquam

219 3905 314 3968 aliud
337 3905 428 3986 quod
452 3906 487 3967 in
510 3905 620 3967 nostri
642 3922 703 3966 seu
722 3901 842 3984 populi
866 3903 974 3965 nostri
1005 3903 1167 3984 praejudi-

219 4005 310 4067 cium
330 4003 452 4066 cedere
475 4003 590 4066 valeat
610 4001 805 4065 deferentes
827 4000 1040 4074 inveneritis,
1058 4020 1100 4062 ea
1124 4002 1168 4063 ab

217 4103 314 4184 ipsis,
334 4103 453 4183 capias
480 4109 516 4164 et
542 4119 689 4182 corpora
715 4099 915 4181 hujusmodi
942 4097 1169 4161 deferentium

547 4249 555 4280 ¹
574 4250 700 4326 Supplied
711 4249 775 4299 from
787 4250 846 4300 Rot.
