3166 4992
441 457 612 504 warram
637 451 989 506 nnnnuruenuueu.
1114 435 1178 507 221
1259 483 1261 486 -

230 613 335 678 etiam
353 613 576 680 advenientes
589 616 791 699 lapidabant
804 636 873 679 eos.
927 616 972 680 Et
987 616 1177 699 palefridus
1191 634 1324 727 Anqmqup

231 713 361 777 domini
379 714 626 799 archiepiscopi
645 717 779 792 cecidit,
794 724 829 780 et
847 716 988 780 humero
1007 716 1126 798 lapsus
1144 724 1179 780 et
1193 703 1342 799 -r'a—ooj

231 813 348 888 laesus,
367 834 541 896 nunquam
559 821 687 882 extunc
701 818 815 897 potuit
831 816 1002 879 hominem
1017 823 1175 899 portare:
1190 822 1293 920 gffiffg
1304 870 1341 908 aa

231 912 455 995 feceruntque
480 915 594 978 clerici
621 917 789 998 praedicti,
820 916 941 980 sedato
968 917 1095 993 lurore,
1125 921 1343 1019 {tr-{figlffiijflgpffl

231 1013 487 1096 chiepiscopum
497 1015 601 1078 alium
612 1034 737 1098 equum
749 1015 945 1093 ascendere,
957 1025 992 1080 et
1004 1015 1179 1081 duxerunt
1191 1023 1214 1063 ⁰1
1221 1021 1326 1062 Dumm-

233 1132 311 1176 eum
327 1113 370 1176 ad
385 1114 571 1196 hospitium
587 1115 629 1178 de
646 1115 801 1198 Kypyer.
848 1115 955 1179 Mane
973 1135 1053 1180 vero
1075 1116 1179 1192 facto,

233 1213 486 1277 comitabantur
517 1213 686 1297 eiusque
714 1214 910 1296 Seggefeld,
935 1215 993 1278 ubi
1026 1215 1180 1279 visitavit

233 1312 363 1376 clerum
385 1320 421 1377 et
442 1313 620 1395 populum,
644 1322 679 1379 et
700 1314 858 1397 sequenti
877 1315 931 1378 die
949 1306 1180 1396 archiepisco-

232 1421 353 1493 patum
385 1431 487 1476 suum
514 1413 690 1493 ingressus
716 1423 778 1477 est.
833 1413 1011 1496 Factaque
1043 1415 1181 1477 demum

233 1511 661 1590 electioneDunolmensis,
673 1514 836 1596 opposuit
850 1532 887 1576 se
903 1513 1180 1596 archiepiscopus

234 1621 356 1675 contra
382 1612 529 1676 electum
555 1610 783 1690 Anthonium,
812 1613 929 1676 dicens
958 1613 1072 1694 ipsum
1103 1632 1178 1678 esse

235 1711 380 1775 electum
403 1713 447 1774 ab
468 1714 787 1790 excommunicatis
803 1720 838 1776 et
863 1720 1004 1794 propter
1026 1713 1091 1776 hoc
1113 1731 1181 1775 non

235 1810 308 1874 fore
325 1811 586 1875 admittendum.
632 1812 678 1877 Et
698 1813 790 1875 misit
810 1813 854 1876 ad
886 1812 1180 1894 archiepiscopum

236 1910 395 1974 dominus
417 1931 478 1974 rex
502 1910 705 1976 familiarem
723 1931 835 1987 suum,
850 1911 1024 1975 dominum
1047 1911 1071 1974 J
1073 1911 1182 1974 ohan-

237 2029 315 2073 nem
333 2011 393 2074 ‘de
409 2009 568 2093 Vescy,'1
585 2013 644 2093 qui
666 2012 807 2088 diceret,
826 2018 861 2074 et
877 2011 940 2076 sub
961 2011 1062 2092 gravi
1083 2010 1183 2073 foris-

236 2109 371 2175 factura
387 2111 622 2188 comminaret,
643 2111 733 2194 quod
761 2111 963 2174 electionem
985 2118 1021 2175 et
1044 2129 1182 2192 promo-¹

238 2209 366 2273 tionem
398 2210 636 2292 specialissimi
660 2211 774 2274 clerici
803 2210 870 2273 sui
885 2229 953 2274 non
981 2209 1182 2292 impediret:

238 2311 306 2372 imo
322 2311 352 2372 si
367 2311 536 2374 actionem
551 2309 693 2375 haberet
713 2317 834 2374 contra
851 2309 1037 2374 monachos
1054 2308 1185 2391 eligen-

238 2414 304 2486 teS,
325 2410 519 2474 institueret
541 2416 576 2474 et
595 2417 857 2494 persequeretur
874 2429 950 2473 eam
975 2429 1038 2492 pro
1056 2409 1133 2472 loco
1149 2415 1184 2472 et

238 2516 413 2592 tempore;
448 2515 483 2572 et
510 2526 579 2573 non
604 2512 785 2594 puniretur
811 2509 941 2574 electus
968 2529 1032 2591 pro
1057 2508 1183 2573 delicto

237 2617 450 2674 caeterorum.
515 2609 716 2693 Timuitque
744 2609 809 2673 sihi
833 2608 1114 2690 archiepiscopus
1148 2615 1345 2721 affigi?

237 2707 425 2790 adquievit,
448 2710 559 2790 magis
581 2709 706 2773 timens
729 2708 901 2774 hominem
927 2728 1030 2790 quam
1058 2708 1183 2784 Deum,
1197 2723 1285 2768 denen.

238 2815 273 2871 et
305 2811 519 2874 consecravit
542 2828 631 2884 eum,
656 2816 696 2871 nt
718 2809 953 2890 supradictum
976 2815 1038 2884 est,
1066 2809 1102 2869 in
1129 2773 1332 2870 diesm'⁹'¹²⁸⁴‘

238 2907 473 2972 translationis
518 2908 630 2971 sancti
668 2907 854 2980 Willelmi3
897 2913 1019 2987 postea
1069 2913 1184 2969 tamen

238 3007 411 3087 poenituit.
465 3007 552 3072 Post
577 3007 669 3070 hunc
689 3001 969 3087 archiepiscopus
1004 3005 1028 3068 J
1031 3004 1184 3068 ohannes

239 3105 420 3169 Romanus
438 3107 550 3170 voluit
567 3106 747 3184 visitasse3
771 3105 831 3168 sed
853 3105 935 3186 quia
957 3115 1082 3167 avarus
1109 3113 1184 3168 erat

238 3205 466 3270 extinxerunt
488 3226 566 3269 eum
589 3205 736 3289 pecunia
754 3203 837 3268 data
852 3222 915 3286 pro
934 3210 1008 3267 toto
1030 3211 1183 3285 tempore

236 3323 311 3370 suo.
367 3306 454 3370 Post
486 3306 582 3370 illum
617 3303 895 3386 archiepiscopus
933 3302 1107 3366 Henricus
1142 3302 1184 3367 de'

241 3404 393 3470 Newerk
409 3425 478 3470 non
493 3404 621 3487 incepit
633 3403 729 3481 talia,
743 3423 784 3468 eo
799 3404 891 3485 quod
907 3421 1015 3485 parvo
1031 3410 1186 3485 tempore

239 3505 341 3582 vixit,
372 3513 406 3569 et
431 3513 558 3588 praeter
582 3505 647 3569 hoc
671 3504 737 3567 fuit
760 3503 939 3567 familiaris
959 3501 1089 3565 domini
1111 3503 1186 3592 Du-

239 3603 423 3668 nolmensis
450 3605 612 3688 episcopi.
665 3603 752 3668 Post
782 3622 885 3685 quem
909 3589 1186 3684 archiepiscopus

206 3694 392 3768 'Thomas
429 3705 471 3768 de
511 3704 731 3784 Cerebrigge,
764 3704 824 3786 qni
857 3703 938 3767 licet
973 3701 1187 3785 provinciam

239 3804 413 3884 propriam
435 3804 524 3867 intra
547 3815 696 3886 quatuor
718 3822 838 3879 annoS,
869 3809 1016 3882 excepto
1046 3802 1187 3882 proprio

238 3902 403 3983 capitulo,
431 3903 565 3966 duabus
598 3902 742 3966 vicibus·
759 3902 945 3974 visitasset,
974 3891 1210 3963 Dunolmum'

239 4010 355 4065 tamen
377 4021 447 4064 non
469 4002 580 4084 petiit,
597 4021 638 4065 eo
657 3999 749 4082 quod
772 4001 886 4064 timuit
908 4017 1025 4078 regern
1048 4005 1083 4060 et
1103 4017 1189 4062 vex·

239 4102 399 4165 ationem.

581 4247 588 4277 ¹
607 4248 771 4311 ‘newerca’
782 4248 858 4299 MSS.
