3138 4988
407 425 473 492 820
785 438 994 490 canonicos

244 619 393 710 ”ff'ffiff
407 618 486 662 cnm
509 596 657 662 ‘dicit'¹
680 597 793 679 legem
817 616 886 661 non
903 597 1037 661 venerit
1059 598 1195 661 solvere
1214 596 1275 660 sed
1299 597 1364 660 ad-

242 730 394 796 W
407 699 561 781 implere.
614 697 695 762 Hoc
717 704 834 760 autem
854 697 1181 760 excellentissimum
1195 697 1362 778 legitimae

243 805 355 856 xlnrssd·
406 796 635 863 sucoessionis
681 797 879 879 exemplum
921 797 1176 860 rationabiliter
1213 797 1362 879 imponit

177 871 181 880 ·
242 857 377 896 werdtotlre

240 905 359 1002 {griffi
405 897 580 961 silentium
592 897 797 978 loquacitati
807 896 971 960 contrarii
984 895 1057 979 juri
1070 904 1187 959 nostro
1202 896 1237 959 in
1251 916 1358 975 regno

241 1005 386 1096 ffiffifflh
407 997 564 1061 Francia}
580 1003 785 1072 memorato,
801 1014 845 1058 ne
868 995 984 1077 quoad
1000 994 1192 1076 legitimum
1210 996 1358 1076 gradum

241 1105 395 1195 moneor
405 1104 441 1160 et
454 1096 609 1160 ordinem
624 1095 827 1158 succedendi
842 1113 1044 1176 superemur
1059 1095 1094 1157 in
1110 1095 1361 1158 constitutione·

404 1196 461 1260 vel
486 1196 768 1276 interpretatione
786 1192 889 1276 jun's,
916 1213 1004 1275 quos
1033 1194 1148 1275 quoad
1175 1193 1239 1256 hoe
1264 1196 1356 1275 pari-

404 1293 485 1359 ficat
519 1294 681 1357 identitas
718 1293 873 1358 rationis.
933 1292 1071 1356 Nedum
1093 1299 1209 1356 autem
1240 1292 1357 1358 debita

403 1394 512 1457 nostri
537 1393 675 1456 vocatio
701 1400 888 1474 nostraque
911 1391 1075 1467 defensio,
1101 1393 1160 1455 ubi
1186 1393 1228 1455 de
1256 1399 1354 1457 tanto

403 1498 522 1556 nostro
552 1492 721 1572 agebatur
742 1490 1014 1574 ‘praejndicio,'²
1040 1497 1093 1555 est
1126 1491 1264 1567 omissa,
1292 1493 1354 1555 sed

403 1592 514 1654 etiam-
526 1590 634 1654 nostri
650 1597 890 1673 procuratores
908 1591 968 1673 qui
983 1591 1018 1653 in
1032 1590 1216 1653 Franciam
1228 1591 1352 1668 ierant,

404 1698 443 1754 ut
456 1708 520 1772 pro
542 1690 640 1754 nobis
654 1697 688 1754 et
705 1697 823 1754 nostro
836 1690 916 1774 jure
932 1689 1084 1770 legitime
1100 1699 1351 1771 comparerent,

403 1809 472 1853 non
500 1789 611 1853 solum
642 1789 781 1853 suerunt
808 1789 845 1851 in
866 1787 997 1872 judicio
1028 1808 1096 1851 non
1124 1789 1265 1853 admissi
1290 1791 1351 1854 sed

402 1890 522 1953 mortis
547 1888 718 1952 horribilis
748 1888 1012 1952 comminatione
1037 1888 1179 1970 repulsi.
1231 1889 1277 1952 Et
1301 1891 1351 1953 sic

403 1995 558 2052 nostrum
591 1995 817 2052 memoratum
841 1987 991 2063 titulum,
1013 1986 1142 2050 factum
1171 1986 1351 2052 duodecim

403 2088 539 2169 parium
571 2087 726 2152 Franeiae
749 2106 818 2150 non
850 2094 1007 2162 excusat,
1040 2086 1099 2168 qui
1126 2086 1241 2168 quoad
1270 2085 1350 2164 nos,-

404 2187 529 2270 quibus
560 2187 675 2250 aetatis
707 2185 843 2250 tenellae
878 2185 1069 2248 minoritas.
1087 2191 1173 2249 tunc
1201 2186 1349 2264 favebat,

403 2287 531 2351 relictis
555 2286 711 2368 partibus
727 2285 895 2370 judicum,
911 2303 956 2346 ex
976 2284 1039 2348 hoc
1065 2283 1175 2348 structi
1191 2286 1347 2365 partibus

403 2392 490 2457 sunt¹
509 2384 729 2466 praedonum3
755 2399 899 2467 quorum
927 2385 1143 2466 processum
1156 2384 1285 2447 factum
1314 2385 1348 2448 in

402 2490 558 2548 nostrum
594 2482 842 2566 praejudicium,
880 2484 956 2565 ipso
991 2483 1071 2566 jure
1110 2489 1229 2546 nostra
1268 2482 1348 2548 fecit

402 2581 592 2645 invalidum
602 2581 713 2644 minor
728 2588 829 2656 aetas3
849 2583 908 2663 qui
920 2582 1033 2665 quoad
1047 2581 1213 2665 majorem
1227 2581 1349 2646 efficax

401 2701 470 2744 non
484 2680 618 2757 fuisset,
635 2679 752 2744 taliter
770 2681 966 2745 defensione
986 2681 1135 2758 sublata,
1151 2701 1229 2763 quae
1253 2702 1345 2746 come

400 2780 488 2862 petit
514 2779 641 2843 bomini
666 2799 712 2843 ex
735 2779 815 2863 jure
838 2789 983 2856 naturae,
1007 2780 1097 2863 quod
1124 2781 1200 2845 tolli
1225 2783 1345 2863 nequit

402 2898 424 2943 a
441 2880 593 2962 principe
611 2899 673 2943 nec
690 2879 812 2963 ajure.
855 2879 988 2944 Notum
1005 2880 1109 2943 etiam
1124 2881 1348 2944 communiter

400 2985 454 3042 est
474 2981 612 3061 ubique,
629 2979 779 3061 qualiter
799 2979 835 3042 in
856 2978 1055 3061 Aquitaniae
1075 2985 1193 3043 nostro
1217 2978 1346 3043 ducatu

400 3098 535 3161 semper
549 3079 716 3142 invaserit
738 3085 773 3142 et
794 3077 959 3142 colliserit
979 3078 1063 3162 jura
1089 3088 1219 3155 nostra,
1236 3086 1346 3143 terras

398 3185 534 3242 nostras
549 3177 716 3242 invadens
731 3184 765 3241 et
785 3178 956 3260 dissipans
975 3197 1062 3259 quas
1078 3197 1201 3260 capere
1219 3179 1345 3261 potuit,

399 3277 477 3340 aliis
492 3277 618 3341 nostris
639 3277 739 3342 terris
762 3297 849 3358 quas
872 3277 1056 3358 occupavit
1079 3278 1282 3360 adjungens
1299 3284 1346 3354 et,

394 3375 455 3458 jus
473 3376 538 3438 sibi
558 3376 674 3440 dicens
694 3376 739 3439 ad
759 3375 895 3441 libitum
912 3376 979 3439 Dei
995 3375 1118 3439 timore
1139 3377 1345 3458 postposito,

398 3474 465 3535 sibi
492 3480 623 3537 tenens,
684 3474 778 3538 Scoti
804 3476 920 3550 etiam,
946 3484 1185 3556 quosnostrae
1210 3495 1346 3540 coronae

397 3570 614 3653 subjecerant
654 3572 735 3654 Jura
781 3581 974 3657 temporum
1011 3575 1243 3657 antiquorum,
1283 3575 1343 3638 sed

396 3670 515 3751 iniqua
554 3669 747 3733 rebellionis
786 3671 973 3736 dementia·
997 3681 1118 3738 contra
1153 3674 1343 3738 naturalem

396 3769 572 3832 dominum
591 3768 811 3834 calcitrantes
829 3771 1136 3836 ‘contumaciter’³
1154 3773 1188 3836 in
1208 3784 1345 3837 nostros

430 3933 437 3963 ¹
456 3931 568 3980 Omitted
581 3932 607 3978 in
626 3931 701 3980 MSS.
713 3931 857 3982 cottum.

395 4001 740 4062 R.5,10‚andCott.Nero
752 4002 786 4050 D.
800 4002 828 4052 ii.
916 3997 1062 4062 ³Adopted
1083 4001 1145 4050 from
1168 4001 1210 4050 the
1234 4017 1298 4064 copy
1321 4003 1350 4052 os

429 4067 439 4097 ²
455 4071 585 4132 ‘judicio‚'
597 4071 671 4121 MSS.
681 4071 747 4122 Coll.
760 4071 857 4133 Magd,
881 4069 931 4118 this
943 4071 996 4118 bull
1005 4071 1140 4132 preserved
1152 4071 1183 4132 by
1197 4072 1347 4134 Avesbury3

394 4139 460 4191 (btt.
474 4141 543 4189 Nero
555 4140 590 4190 D.
603 4141 641 4201 ii.‚
652 4142 703 4190 and
714 4140 856 4192 GoltTrin.
881 4140 1054 4202 ‘continuati,’
1066 4141 1141 4190 MSS.

394 4209 511 4272 u.⁵,1o.
