3166 4992
419 473 484 536 182
786 487 997 538 ennouroou

270 657 393 754 pag-qq
420 647 509 730 ejus,
524 653 560 710 et
575 645 764 728 acquisisse
775 643 851 734 jam
872 647 1011 712 nomine
1033 645 1145 727 ipsius
1157 647 1302 712 eandem
1316 649 1369 712 in-

253 742 403 777 -’-·“
421 745 533 809 sulam
558 745 602 810 de
626 745 727 820 Area,
745 763 849 828 quam
873 744 938 810 sibi
960 755 996 810 et
1012 745 1204 810 haeredibus
1229 748 1301 812 suls
1323 750 1368 812 ab

258 806 407 946 {ffiffit-
420 845 497 927 ipso
520 865 602 926 rege
628 846 729 928 petiit
755 845 931 927 perpetuis
950 845 1161 928 temporibus
1190 847 1367 927 possiden·

257 955 341 1045 iffi
421 943 521 1022 dam;
547 945 810 1028 acceptavitque
828 964 890 1008 rex
909 945 1078 1031 mittentis
1097 944 1240 1022 sactum,
1255 953 1291 1010 et
1306 967 1366 1030 pe·

423 1043 575 1107 titionem
599 1063 704 1125 quam
730 1044 860 1108 fecerat
882 1044 1014 1125 absque
1037 1044 1181 1108 consilio
1203 1045 1367 1109 comitum

257 1167 383 1208 nunonem
421 1143 648 1210 confirmavit.
714 1141 816 1221 Quod
843 1143 1022 1209 audientes
1048 1144 1202 1222 comites,
1235 1145 1367 1209 scilicet

256 1217 393 1308 llltrffl'
421 1242 645 1306 marescallus
667 1249 703 1306 et
728 1241 1006 1320 Herefordensis,
1030 1243 1191 1307 admirati
1214 1251 1307 1320 sunt,
1325 1263 1367 1307 eo

255 1318 375 1406 pstqua-
421 1341 514 1422 quod
537 1343 741 1423 promiserat
763 1361 801 1405 se
823 1340 908 1405 nihil
934 1343 1015 1404 novi
1038 1341 1208 1404 facturum
1235 1343 1367 1424 absque

256 1464 371 1516 ussing
421 1457 537 1502 eorum
552 1459 696 1504 assensu
708 1447 742 1504 et
752 1440 903 1506 consilio.
945 1440 1078 1505 Etcum
1092 1449 1258 1514 essatrex
1273 1441 1366 1524 apud

255 1514 370 1624 {gliseria
422 1537 611 1602 Carliolum
631 1540 804 1621 petierunt
819 1557 842 1602 a
856 1559 937 1620 rege
950 1539 1164 1622 ‚repatriandi
1179 1539 1366 1617 licentiam,

256 1615 351 1654 Μ’
420 1637 614 1719 allegantes
640 1637 816 1721 jacturam
841 1639 1029 1704 maximam
1059 1646 1095 1702 et
1128 1638 1366 1719 fatigationem

420 1735 595 1801 hominum
614 1745 649 1800 ct
665 1757 843 1819 equorum,
859 1729 1143 1820 recesseruntque
1164 1738 1213 1802 sic
1227 1757 1236 1816 3
1259 1746 1295 1803 et
1310 1759 1367 1802 re·

419 1838 546 1901 mansit
584 1836 709 1901 ibidem
741 1857 803 1902 rex
841 1857 919 1900 cum
947 1838 1168 1918 magnatibus
1198 1836 1365 1918 plurimis,

419 1937 599 2018 tenuitque
642 1937 906 2018 parliamentum
950 1956 1051 2000 suum
1093 1935 1183 2000 inira
1221 1944 1366 2004 octavas

419 2034 540 2099 Beatae
569 2034 741 2115 Virginis,
770 2043 806 2099 et
833 2037 1026 2116 assignavit
1046 2041 1088 2098 et
1119 2035 1214 2098 dedit
1239 2035 1276 2098 iu
1302 2055 1365 2118 spe

418 2134 639 2215 magnatibus
665 2135 737 2198 suis
762 2141 873 2198 terras
894 2135 1022 2198 multas
1044 2141 1245 2215 magnatum
1267 2135 1366 2216 regni

418 2231 557 2308 Scotiae,
576 2233 708 2298 scilicet
729 2233 914 2297 comitatus
941 2233 1123 2298 comitibus
1144 2240 1182 2297 et
1204 2235 1364 2298 baronias

417 2331 627 2409 baronibus3
656 2332 794 2396 Vallem
815 2339 932 2395 tamen
948 2331 1119 2396 Anandiae
1142 2351 1206 2396 uec
1225 2325 1365 2398 Galura·

417 2429 512 2506 liam,
538 2437 574 2494 et
599 2431 766 2512 quosdam
789 2432 972 2495 comitatus
996 2431 1124 2494 nemini
1148 2431 1362 2512 assignavite

418 2529 491 2604 sed,
508 2535 548 2592 ut
565 2529 700 2607 dicitur,
718 2549 764 2594 ex
784 2549 894 2594 causa
913 2530 1048 2594 distulit
1069 2549 1113 2594 ne
1135 2531 1363 2596 excandesce-

418 2635 496 2691 rent
532 2628 674 2692 comites
707 2629 766 2710 qui
806 2630 909 2711 paulo
942 2637 1024 2694 ante
1061 2637 1285 2694 recesserant:
1301 2651 1364 2696 noo

251 2752 279 2781 n
303 2752 325 2781 re
361 2719 387 2782 i.
416 2726 530 2789 sortiti
542 2734 621 2790 sunt
634 2735 768 2808 partem
776 2728 865 2792 inter
873 2747 974 2811 pares
983 2747 1077 2795 suos.
1104 2727 1185 2807 Quo
1195 2729 1299 2807 facto,
1309 2749 1363 2794 re·

352 2803 367 2832 ¹¹
384 2819 390 2832 '
416 2843 536 2889 versus
552 2833 606 2890 est
619 2844 681 2890 rex
694 2846 803 2910 usque
819 2828 1170 2903 Dunolmum,volens
1185 2829 1250 2893 iter
1263 2847 1363 2894 suum

415 2925 562 3006 dirigere
586 2925 628 2988 ad
654 2933 771 3008 partes
799 2927 990 3005 australes3
1023 2926 1082 2990 sed
1105 2935 1250 3010 accepto
1277 2947 1363 2992 uun-

415 3023 469 3088 cio
490 3025 582 3106 quod
605 3025 842 3090 coadunarent
865 3045 903 3089 se
926 3026 1033 3103 Scoti,
1057 3045 1216 3090 reversus
1241 3033 1305 3104 est,
1326 3033 1362 3091 et

414 3123 485 3188 fere
520 3143 631 3207 usque
663 3125 699 3188 N
701 3126 793 3189 atale
832 3132 986 3190 moratus
1021 3125 1114 3206 apud
1151 3125 1360 3191 Tinemowe.

418 3222 547 3287 Natale
589 3242 673 3287 vero
711 3224 823 3289 tenuit
865 3224 957 3306 apud
994 3223 1226 3306 Gothingbam
1251 3225 1362 3309 ,juxta

416 3322 653 3387 Beverlacum.

462 3543 620 3607 Discenda
638 3543 720 3608 inter
736 3545 884 3629 deponet
900 3545 1029 3608 Oomltcs
1038 3551 1170 3630 proptor
1187 3545 1310 3610 Oarion

258 3727 389 3771 annm.
464 3714 551 3778 Post
578 3723 722 3798 peracta
752 3718 955 3782 solemniter
975 3725 1199 3786 sacrosancta
1232 3715 1362 3783 Christi

410 3813 582 3892 natalitia,
598 3816 761 3880 transivit
781 3837 844 3880 rex
863 3817 1084 3894 Humbriam,
1103 3817 1245 3880 tendens
1267 3815 1360 3881 Lon·

410 3914 530 3978 donias
543 3934 605 3996 per
616 3915 770 3980 modicas
786 3916 917 3994 dietas;
943 3917 1123 3997 tenuitque
1137 3915 1263 3980 ibidem
1270 3934 1359 3999 ,par-

408 4013 610 4078 liamentum
625 4034 726 4078 suum
745 4015 781 4078 iu
797 4015 965 4098 principio
983 4013 1281 4095 Quadragesimae,
1299 4015 1359 4077 ubi

407 4133 468 4194 per
493 4113 677 4196 praedictos
710 4116 865 4192 comiteS,
893 4114 1133 4178 marescallum
1161 4113 1295 4176 scilicet
1323 4119 1359 4177 et

407 4211 709 4289 Herefordensem,
726 4213 819 4277 sacta
837 4220 890 4278 est
907 4214 1084 4279 contentio
1101 4232 1229 4296 magua
1253 4231 1359 4294 super
