3138 4988
418 471 485 536 ΒΥ)
793 483 1003 532 euuouroou

260 677 351 718 asma
364 677 407 717 ιη,
422 649 526 725 prout
541 643 653 724 exigit
673 640 851 723 plenitudo
877 659 951 704 suae
975 641 1159 721 potestatis
1176 648 1212 705 et
1233 642 1376 722 praecel.

258 727 406 790 Q
423 742 531 805 lentie
554 741 609 804 sui
640 740 717 815 fori,
743 745 911 821 quantum
941 739 1047 803 fuerit
1074 740 1230 817 rationis,
1255 740 1375 804 favere

261 811 333 851 latter
342 813 367 851 oi

262 862 373 910 urnam.
422 841 547 904 debeat
564 846 683 904 nostro
694 838 778 921 juri,
791 837 906 919 parati
918 856 1065 920 semper,
1074 839 1200 902 nedum
1218 857 1240 902 a
1255 847 1374 902 vestro

262 911 319 1008 ’ἐξὲξ
327 913 397 1000 ma·
422 947 544 1004 sancto
572 938 707 1002 cunctis
739 936 945 1018 praesidente
969 936 1115 1019 judicio,
1147 937 1252 1017 immo
1285 944 1322 1001 et
1350 957 1375 1001 a

262 1010 407 1108 ffflle
423 1037 579 1120 quolibet
604 1037 739 1100 allode
765 1035 914 1100 veritate
939 1035 1112 1114 contrarii,
1131 1035 1162 1100 si
1190 1035 1269 1120 quis
1294 1055 1371 1100 eam

262 1109 416 1201 diffie
424 1137 572 1213 noverit,
604 1134 780 1198 humiliter
817 1133 1004 1198 informari.
1071 1134 1117 1199 Et
1152 1135 1212 1216 qui
1249 1142 1372 1216 sponte

264 1209 292 1247 ᾖ
292 1219 352 1248 ⁰⁰⁰⁰⁰
425 1235 551 1299 rationi
584 1233 797 1317 subjicimur,
825 1232 929 1297 aliam
957 1232 1075 1297 datam
1104 1234 1201 1298 nobis
1225 1233 1373 1314 intelligi

425 1335 606 1398 veritatem
628 1351 706 1396 cum
731 1331 832 1412 plena
850 1338 886 1394 et
909 1329 1029 1396 humili
1053 1332 1266 1412 gratitudine
1280 1351 1372 1396 com·

424 1433 623 1514 plectemur.
685 1429 779 1508 Quia
805 1449 888 1494 vero
920 1449 996 1506 vos,
1026 1438 1142 1512 patres
1174 1431 1374 1512 conscripti,

424 1532 510 1594 estis
539 1531 576 1593 in
610 1537 743 1611 partem
783 1527 1025 1593 sollicitudinis
1062 1536 1095 1593 et
1126 1530 1260 1594 consilii
1289 1530 1374 1594 dicti

425 1628 556 1693 domini
571 1628 695 1692 summi
711 1627 883 1709 pontificis
891 1627 1073 1709 condignis
1084 1629 1214 1692 meritis
1224 1631 1373 1707 evocati,

425 1729 560 1810 sibique
573 1727 762 1791 lateraliter
777 1726 821 1788 ad
838 1726 986 1790 dandam
1000 1727 1093 1809 plebi
1108 1726 1235 1792 Christi
1250 1727 1374 1794 salutis

425 1827 605 1891 scientiam
635 1825 805 1900 assidetis,
829 1825 898 1890 ista
922 1835 1048 1890 vestrae
1072 1834 1193 1908 patere
1215 1828 1373 1908 cupimus

424 1925 570 2002 notitias,
582 1932 634 1999 ut,
645 1923 786 2005 cognita
803 1933 918 1987 causae
929 1931 1057 1988 nostrae
1068 1925 1219 2008 justitia,
1233 1927 1374 1991 veritati

426 2026 566 2105 possitis
575 2021 783 2104 impendere,
794 2022 886 2104 quod
897 2023 1038 2089 debetis.
1062 2022 1119 2086 Ad
1129 2023 1220 2105 quod
1231 2025 1374 2089 eircum-

426 2125 636 2205 spectionem
653 2129 805 2185 vestram
815 2122 1007 2202 providam,
1021 2141 1099 2204 quae
1111 2123 1201 2186 solet
1211 2125 1287 2186 sine
1296 2144 1373 2205 per-

425 2241 588 2286 sonarum
632 2221 832 2302 acceptione
878 2220 962 2303 jura
1011 2222 1226 2302 singulorum
1272 2241 1374 2306 aequo

422 2321 603 2384 libramine
619 2320 822 2401 ponderare,
838 2319 966 2383 votivis
987 2320 1146 2401 precibus
1167 2322 1373 2387 excitamus.

425 2419 473 2482 Et
487 2421 517 2482 si
536 2419 653 2482 l'orsan
679 2419 715 2480 in
734 2417 826 2480 sacto
848 2426 968 2482 nostro
994 2419 1176 2500 quicquam
1194 2432 1373 2503 appareat,

425 2517 596 2580 cautelam
623 2521 850 2596 exposcentes
876 2516 1011 2580 consilii
1036 2519 1196 2593 sanioris,
1223 2539 1245 2582 a
1276 2521 1372 2584 vobis

425 2633 531 2696 super
545 2615 610 2678 hoc
625 2617 782 2695 cupimus
803 2615 988 2679 salubriter
1003 2615 1193 2694 informari,
1208 2620 1322 2699 parati
1336 2620 1373 2682 in

427 2713 570 2794 agendis
594 2714 720 2776 uostris
743 2713 889 2795 singulis
910 2715 1030 2779 cedere
1054 2717 1190 2780 rationi.
1242 2718 1373 2781 Datum

427 2812 519 2894 apud
548 2811 760 2894 Antewerpe
787 2829 866 2878 xvr.
900 2813 957 2878 die
986 2815 1086 2892 Julii,
1115 2835 1206 2879 anno
1231 2817 1372 2881 Domini

428 2927 678 2976 M.GOOXXX1X.

476 3137 616 3216 Qualiter
629 3157 763 3202 summus
779 3135 1101 3299 PZtlisaogascrpsit
1114 3137 1192 3220 aaa
1206 3137 1331 3224 Aopliae

866 3257 934 3298 war
956 3257 984 3298 o.

282 3457 333 3484 ,0
372 3456 411 3532 οἵ,
475 3410 685 3474 Benedictus
717 3409 900 3491 episcopus
940 3426 1062 3472 servus
1092 3426 1271 3472 servorum
1305 3410 1372 3474 Dei

261 3505 373 3583 αξζξπῖὄ
392 3506 406 3534 ¹¹
424 3507 601 3571 carissimo
621 3510 656 3570 in
679 3508 751 3570 filio
770 3507 910 3572 Christo
930 3507 1102 3570 Eduardo
1125 3506 1241 3570 ‘eto.’¹
1295 3508 1370 3571 Du·

262 3595 409 3685 {glffiflfm
424 3605 505 3667 dum
549 3613 595 3682 te,
636 3606 686 3668 fili
720 3607 906 3684 carissime,
939 3606 1033 3670 clara
1068 3606 1196 3669 imitari
1226 3608 1372 3688 vestigia

423 3705 683 3785 progenitorum
712 3712 850 3767 tuorum
877 3725 1002 3786 regum
1024 3703 1174 3784 Angliae,
1199 3707 1259 3788 qui
1288 3727 1371 3788 erga

425 3803 537 3866 Deum
577 3810 612 3867 et
654 3811 910 3868 sacrosanctam
954 3805 1150 3868 Romanam
1192 3805 1372 3870 ecclesiam

421 3904 517 3967 velut
546 3903 737 3986 peculiares
775 3903 850 3987 ejus
882 3903 1011 3967 alumni
1058 3911 1093 3966 et
1142 3903 1259 3968 devoti
1298 3905 1371 3981 filii,

421 4004 634 4085 plenitudine
650 4003 844 4068 devotionis
860 4007 895 4065 et
910 3999 990 4065 fidei
1008 4001 1218 4079 claruerunt,
1234 4011 1372 4085 tuaeque

457 4153 462 4181 ¹
480 4157 534 4205 The
545 4157 675 4217 following
685 4171 728 4205 are
743 4157 784 4204 the
796 4157 880 4204 words
906 4156 1054 4205 salutemet
1071 4157 1235 4218 apostolicam
1252 4157 1370 4206 benedic·

419 4226 537 4273 omitted:
555 4225 635 4287 “regi
652 4225 753 4287 Angliae
774 4225 878 4286 illustri,
904 4226 1022 4274 tionem.”
