3126 4986
408 464 431 528 6
776 482 986 530 canonicos

259 645 392 742 {iffi
410 657 473 721 per
495 646 604 704 totam
621 639 787 722 Angliam
810 659 886 706 xlv.
903 640 1072 705 kalendas
1093 642 1308 718 Decembris,
1325 650 1360 704 et

247 749 397 766 “-
411 737 550 804 detecta
576 740 809 805 maleficorum
836 741 956 806 frande
986 742 1104 823 plures
1135 761 1253 805 eorum
1282 761 1357 805 sns-

250 854 393 946 snffia
411 838 510 920 pensi
531 847 652 912 erant;
680 839 841 923 factaque
858 849 912 906 est
927 842 963 903 in
979 860 1071 904 anno
1087 842 1244 923 sequenti
1267 859 1358 905 nova

249 915 289 955 '¹‘
412 945 552 1002 moneta
572 947 608 1002 et
628 940 819 1018 inuisibilis,
841 948 877 1006 et
898 940 1109 1024 quadrantes
1130 956 1176 1012 et,
1189 941 1283 1004 oholi
1302 959 1358 1003 ro·

412 1037 525 1115 tundi,
557 1039 651 1122 quod
682 1041 893 1122 pauperibus
924 1041 1154 1122 perniciosum
1193 1038 1292 1104 erat¹
1322 1048 1358 1102 et

413 1137 579 1202 ecclesiae.
645 1137 724 1203 cito
754 1149 836 1222 post
861 1140 1070 1222 inquietavit
1099 1159 1163 1203 rex
1190 1139 1355 1222 quosdam

413 1241 480 1300 ‘ex
509 1238 730 1318 magnatibus
740 1237 768 1272 '²
799 1247 901 1302 terrae
930 1258 993 1321 per
1025 1238 1240 1321 justiciarios
1276 1258 1358 1302 suos
1417 1299 1420 1303 .

412 1335 501 1399 scire
524 1336 643 1400 volens
672 1357 741 1419 quo
769 1344 942 1402 warranto
972 1345 1129 1401 tenerent
1164 1336 1359 1401 ‘terrasl'³

414 1442 450 1498 et
479 1435 509 1498 si
539 1455 608 1500 non
636 1435 804 1500 haberent
826 1439 955 1501 bonum
986 1445 1198 1500 warrantum
1227 1436 1360 1501 seisivit

413 1535 532 1598 statim
573 1543 685 1599 terras
728 1537 887 1610 illorum
929 1545 1143 1618 vocatusque
1181 1545 1235 1601 est
1268 1537 1358 1600 inter

414 1639 559 1697 caeteros
574 1654 688 1699 comes
703 1635 747 1698 de
762 1635 942 1700 Warenna
962 1641 1098 1699 ‘coram
1111 1633 1136 1668 '⁴
1145 1635 1358 1718 justiciarios

414 1732 518 1813 regis,
544 1741 580 1798 et
608 1734 843 1815 interrogatus
870 1753 939 1818 qno
964 1742 1138 1798 wamnto
1159 1729 1361 1811 ‘teneret,’⁶

415 1832 582 1912 produxit
595 1833 631 1896 in
647 1833 796 1898 medium
814 1834 969 1915 gladium
990 1835 1169 1915 antiquum
1193 1843 1229 1898 et
1244 1835 1358 1914 erugi-

415 1941 548 2008 natnm,
571 1940 607 1995 et
635 1934 697 2009 ait,
729 1939 751 1968 “
765 1935 868 2010 Ecce,
890 1934 1020 1998 domini
1050 1933 1130 2010 mei,
1162 1953 1241 1997 ecce
1268 1953 1358 1996 war·

414 2039 553 2094 rantum
586 2051 712 2096 meum.
768 2031 1019 2097 Antecessores
1055 2031 1146 2095 enim
1177 2033 1245 2096 mei
1281 2052 1359 2095 cum

415 2129 592 2195 Willelmo
633 2132 798 2196 bastando
845 2133 1019 2196 venientes
1059 2133 1239 2213 conquesti
1279 2140 1361 2195 sunt

415 2235 527 2294 terras
553 2249 636 2294 suas
662 2230 791 2311 gladio,
815 2240 852 2295 et
876 2231 1014 2295 easdem
1036 2230 1152 2311 gladio
1176 2230 1360 2295 defendam

416 2345 438 2390 a
459 2347 664 2410 quocunqne
686 2348 746 2392 eas
768 2349 938 2412 occupare
960 2330 1108 2394 volente.
1162 2329 1243 2394 Non
1269 2331 1359 2392 enim

415 2444 479 2490 rex
504 2447 567 2508 per
592 2446 630 2491 se
657 2435 785 2492 terram
809 2430 938 2495 devicit
957 2438 992 2493 et
1013 2429 1173 2512 subjecit,
1192 2429 1254 2493 sed
1280 2449 1360 2511 pro·

415 2527 590 2606 genitores
622 2529 732 2592 nostri
763 2529 903 2594 suerunt
933 2547 1012 2593 oum
1043 2548 1085 2592 eo
1112 2529 1298 2610 participes
1325 2537 1361 2592 et

417 2619 741 2709 ‘coadjutores.''’⁶
792 2627 1093 2710 Adhaeseruntque
1124 2628 1190 2691 sibi
1223 2635 1258 2691 et
1286 2647 1360 2691 suae

416 2724 597 2789 ‘rationi’¹
614 2726 733 2792 caeteri
748 2735 940 2810 magnates,
956 2736 993 2791 et
1008 2726 1261 2792 tumultuantes
1275 2725 1361 2790 ‘et’⁸

415 2823 580 2905 impacati
599 2835 826 2892 recesserunt.
879 2828 959 2892 Rex
982 2834 1098 2891 autem
1122 2846 1201 2890 cum
1228 2827 1362 2890 audiret

416 2922 514 3000 talia,
534 2925 650 2989 timuit
675 2927 753 3004 sibi,
770 2934 805 2991 et
828 2929 873 2991 ab
895 2928 1034 3008 incepto
1056 2946 1172 2990 errore
1197 2925 1363 3008 ‘conqui-

415 3021 530 3087 evit.’⁹
580 3025 627 3088 Et
657 3026 726 3090 cito
755 3035 835 3107 post
864 3027 1127 3090 insurrexerunt
1156 3025 1363 3100 Wallenses,

415 3128 452 3186 et
478 3125 699 3204 magnatibus
721 3127 794 3189 suis
814 3146 878 3189 rex
905 3125 1051 3188 multum
1072 3124 1231 3205 indignit.
1276 3123 1362 3188 Cum

418 3221 614 3287 ‘autem’¹⁰
636 3231 767 3290 teneret
798 3245 862 3289 rex
886 3224 1059 3309 quoddam
1085 3223 1361 3306 parliamentum,

417 3327 453 3384 et
478 3321 541 3386 filii
563 3331 765 3404 magnatum
791 3331 926 3389 starent
945 3342 1061 3388 coram
1081 3342 1123 3387 eo
1144 3324 1180 3386 in
1198 3323 1365 3404 vesperis,

452 3557 461 3590 ¹
479 3560 553 3608 me
571 3560 623 3608 this
639 3561 710 3621 point
725 3565 752 3608 to
769 3559 811 3608 the
828 3560 878 3609 end
937 3555 1128 3621 '‘magnateq'
1139 3557 1233 3619 Abiug.
1245 3555 1338 3606 chron.

417 3631 447 3679 ol
460 3629 502 3678 the
518 3631 614 3678 section
632 3631 656 3678 is
674 3629 793 3691 supplied
814 3630 877 3677 lrom
937 3641 948 3674 a
966 3645 1063 3693 rtem„
1076 3643 1154 3705 mg
1165 3643 1260 3705 ΑΜΖ.
1272 3643 1365 3692 ebron·

418 3700 476 3750 MS.
498 3699 675 3758 Lansd.;the
693 3699 882 3761 onlycopyos
939 3731 982 3780 ,s
1038 3730 1115 3778 sdf
1176 3729 1296 3778 thAc

418 3769 613 3830 Hemingbnrgh
634 3769 719 3818 which
742 3770 813 3831 gires
836 3769 878 3817 the
939 3746 1037 3845 uum)
1049 3745 1072 3778 ¹⁶
1112 3745 1165 3779 '⁰¹¹¹
1204 3744 1219 3778 θ
1255 3809 1262 3834 ‚
1299 3765 1305 3777 '
1392 3821 1395 3826 ¹

417 3843 526 3888 account
535 3839 564 3887 ol
572 3838 634 3886 Earl
645 3837 773 3888 Warren's
781 3839 879 3887 famous
981 3822 1078 3868 tenent
1088 3821 1168 3865 term
1180 3829 1250 3876 'W’
1268 3813 1302 3862 A·
1309 3812 1339 3864 0·

417 3910 490 3970 reply
504 3913 530 3957 to
546 3908 589 3957 the
604 3908 722 3969 justioes.
758 3909 784 3956 It
800 3909 823 3957 is
841 3909 879 3955 in·
939 3901 1164 3965 ⁶Supp1iedfr0m
1175 3901 1218 3950 the
1229 3902 1262 3950 A.
1275 3901 1305 3949 C.

418 3979 501 4028 nonen
512 3979 538 4027 in
549 3978 592 4027 the
603 3979 739 4039 Abingdon
746 3977 880 4028 Chroniole
939 3987 950 4018 τ
967 3987 1157 4051 ‘responsioni'’
1167 3987 1201 4034 Α,
1209 3985 1239 4036 α,

418 4048 482 4098 from
497 4063 514 4096 a
528 4063 596 4098 moro
610 4052 707 4097 correct
719 4062 818 4107 source,
830 4047 881 4096 and
940 4079 992 4132 ,0
1020 4080 1100 4129 M.
1130 4080 1194 4130 Ac

418 4119 482 4167 with
504 4133 550 4168 one
573 4133 602 4171 or
623 4123 674 4166 two
691 4119 777 4166 verbal
796 4117 881 4165 diller-
941 4095 1027 4194 Nm
1056 4168 1061 4179 ,
1093 4096 1119 4128 ¹¹¹
1157 4117 1171 4188 ⁸,
1195 4117 1202 4130 ·

420 4201 503 4248 nuces,
515 4188 599 4236 which
611 4189 631 4235 it
642 4187 689 4236 has
700 4189 764 4236 been
774 4185 882 4247 thought
983 4172 1162 4228 mmmmm,
1184 4166 1240 4215 Ms-
1251 4165 1343 4214 [Μῦθ-

419 4270 510 4316 proper
522 4261 547 4303 tn
558 4245 658 4305 notice(
931 4250 950 4281 ¹⁰
968 4253 1081 4302 Omitted
1091 4254 1117 4301 in
1130 4253 1185 4300 MS.
1199 4251 1293 4300 Lansd.
