<?xml version="1.0" encoding="UTF-8"?>
<!DOCTYPE html PUBLIC "-//W3C//DTD XHTML 1.0 Transitional//EN"
    "http://www.w3.org/TR/xhtml1/DTD/xhtml1-transitional.dtd">
<html xmlns="http://www.w3.org/1999/xhtml" xml:lang="en" lang="en">
 <head>
  <title>
</title>
<meta http-equiv="Content-Type" content="text/html;charset=utf-8" />
  <meta name='ocr-system' content='tesseract 3.04.00' />
  <meta name='ocr-capabilities' content='ocr_page ocr_carea ocr_par ocr_line ocrx_word'/>
</head>
<body>
  <div class='ocr_page' id='page_1' title='image "./chronicondomini00hamigoog_0278.png"; bbox 0 0 3138 4988; ppageno 0'>
   <div class='ocr_carea' id='block_1_1' title="bbox 400 472 974 536">
    <p class='ocr_par' dir='ltr' id='par_1_1' title="bbox 400 472 974 536">
     <span class='ocr_line' id='line_1_1' title="bbox 400 472 974 536; baseline 0 0"><span class='ocrx_word' id='word_1_1' title='bbox 400 472 466 536; x_wconf 75' lang='lat'>264</span> <span class='ocrx_word' id='word_1_2' title='bbox 766 489 974 536; x_wconf 84' lang='lat' dir='ltr'>cunonrcon</span> 
     </span>
    </p>
   </div>
   <div class='ocr_carea' id='block_1_2' title="bbox 240 641 1364 3004">
    <p class='ocr_par' dir='ltr' id='par_1_2' title="bbox 254 641 1357 739">
     <span class='ocr_line' id='line_1_2' title="bbox 254 641 1357 739; baseline -0.006 -30"><span class='ocrx_word' id='word_1_3' title='bbox 254 650 384 739; x_wconf 49' lang='lat' dir='ltr'>mgr,</span> <span class='ocrx_word' id='word_1_4' title='bbox 405 646 489 709; x_wconf 92' lang='lat' dir='ltr'>dicti</span> <span class='ocrx_word' id='word_1_5' title='bbox 504 643 528 677; x_wconf 86' lang='lat'>&#39;¹</span> <span class='ocrx_word' id='word_1_6' title='bbox 546 643 716 709; x_wconf 90' lang='lat' dir='ltr'>Willelmi</span> <span class='ocrx_word' id='word_1_7' title='bbox 728 645 849 720; x_wconf 88' lang='lat' dir='ltr'>Testa,</span> <span class='ocrx_word' id='word_1_8' title='bbox 863 644 923 726; x_wconf 92' lang='lat' dir='ltr'>qui</span> <span class='ocrx_word' id='word_1_9' title='bbox 938 643 1118 726; x_wconf 85' lang='lat' dir='ltr'>praemissa</span> <span class='ocrx_word' id='word_1_10' title='bbox 1136 641 1357 722; x_wconf 78' lang='lat' dir='ltr'>gravamina,</span> 
     </span>
    </p>

    <p class='ocr_par' dir='ltr' id='par_1_3' title="bbox 240 740 1363 2887">
     <span class='ocr_line' id='line_1_3' title="bbox 240 740 1355 828; baseline -0.006 -21"><span class='ocrx_word' id='word_1_11' title='bbox 240 751 389 762; x_wconf 61' lang='lat'>“⁸“</span> <span class='ocrx_word' id='word_1_12' title='bbox 406 745 880 828; x_wconf 86' lang='lat' dir='ltr'>oppressiones,extorsiones</span> <span class='ocrx_word' id='word_1_13' title='bbox 890 743 1123 827; x_wconf 88' lang='lat' dir='ltr'>etinjuriasin</span> <span class='ocrx_word' id='word_1_14' title='bbox 1133 740 1355 805; x_wconf 88' lang='lat' dir='ltr'>comitatibus</span> 
     </span>
     <span class='ocr_line' id='line_1_4' title="bbox 408 841 1354 926; baseline -0.007 -20"><span class='ocrx_word' id='word_1_15' title='bbox 408 844 583 926; x_wconf 77' lang='lat' dir='ltr'>praedictis</span> <span class='ocrx_word' id='word_1_16' title='bbox 595 843 711 907; x_wconf 85' lang='lat' dir='ltr'>taliter</span> <span class='ocrx_word' id='word_1_17' title='bbox 721 849 963 926; x_wconf 88' lang='lat' dir='ltr'>perpetrarunt</span> <span class='ocrx_word' id='word_1_18' title='bbox 973 849 1034 905; x_wconf 90' lang='lat' dir='ltr'>aut</span> <span class='ocrx_word' id='word_1_19' title='bbox 1045 841 1211 916; x_wconf 88' lang='lat' dir='ltr'>fecerunt,</span> <span class='ocrx_word' id='word_1_20' title='bbox 1222 857 1354 902; x_wconf 88' lang='lat' dir='ltr'>necnon</span> 
     </span>
     <span class='ocr_line' id='line_1_5' title="bbox 408 933 1356 1023; baseline -0.007 -17"><span class='ocrx_word' id='word_1_21' title='bbox 408 944 451 1006; x_wconf 87' lang='lat' dir='ltr'>de</span> <span class='ocrx_word' id='word_1_22' title='bbox 468 942 664 1006; x_wconf 88' lang='lat' dir='ltr'>nominibus</span> <span class='ocrx_word' id='word_1_23' title='bbox 680 939 894 1023; x_wconf 72' lang='lat' dir='ltr'>‘ipsorum,&#39;²</span> <span class='ocrx_word' id='word_1_24' title='bbox 910 941 970 1023; x_wconf 90' lang='lat' dir='ltr'>qui</span> <span class='ocrx_word' id='word_1_25' title='bbox 988 959 1104 1004; x_wconf 92' lang='lat' dir='ltr'>coram</span> <span class='ocrx_word' id='word_1_26' title='bbox 1121 937 1316 1021; x_wconf 88' lang='lat' dir='ltr'>‘praedictis</span> <span class='ocrx_word' id='word_1_27' title='bbox 1326 933 1356 969; x_wconf 86' lang='lat'>&#39;³</span> 
     </span>
     <span class='ocr_line' id='line_1_6' title="bbox 409 1037 1357 1122; baseline -0.006 -19"><span class='ocrx_word' id='word_1_28' title='bbox 409 1041 654 1104; x_wconf 88' lang='lat' dir='ltr'>commissariis</span> <span class='ocrx_word' id='word_1_29' title='bbox 677 1041 732 1104; x_wconf 92' lang='lat' dir='ltr'>vel</span> <span class='ocrx_word' id='word_1_30' title='bbox 765 1041 929 1116; x_wconf 86' lang='lat' dir='ltr'><strong>ministris</strong></span> <span class='ocrx_word' id='word_1_31' title='bbox 957 1041 1106 1122; x_wconf 86' lang='lat' dir='ltr'><strong>aliquem</strong></span> <span class='ocrx_word' id='word_1_32' title='bbox 1133 1038 1190 1101; x_wconf 86' lang='lat' dir='ltr'>vel</span> <span class='ocrx_word' id='word_1_33' title='bbox 1220 1037 1357 1117; x_wconf 87' lang='lat' dir='ltr'>aliquos</span> 
     </span>
     <span class='ocr_line' id='line_1_7' title="bbox 410 1135 1356 1218; baseline -0.008 -14"><span class='ocrx_word' id='word_1_34' title='bbox 410 1140 511 1204; x_wconf 88' lang='lat' dir='ltr'>citari</span> <span class='ocrx_word' id='word_1_35' title='bbox 534 1139 589 1203; x_wconf 85' lang='lat' dir='ltr'>vel</span> <span class='ocrx_word' id='word_1_36' title='bbox 613 1140 731 1204; x_wconf 91' lang='lat' dir='ltr'>vocari</span> <span class='ocrx_word' id='word_1_37' title='bbox 755 1138 920 1215; x_wconf 81' lang='lat' dir='ltr'>iecerunt,</span> <span class='ocrx_word' id='word_1_38' title='bbox 943 1159 1005 1202; x_wconf 90' lang='lat' dir='ltr'>seu</span> <span class='ocrx_word' id='word_1_39' title='bbox 1034 1138 1126 1202; x_wconf 89' lang='lat' dir='ltr'>dicta</span> <span class='ocrx_word' id='word_1_40' title='bbox 1153 1135 1356 1218; x_wconf 82' lang='lat' dir='ltr'>gravamina</span> 
     </span>
     <span class='ocr_line' id='line_1_8' title="bbox 411 1232 1358 1318; baseline -0.008 -16"><span class='ocrx_word' id='word_1_41' title='bbox 411 1239 551 1302; x_wconf 85' lang='lat' dir='ltr'>executi</span> <span class='ocrx_word' id='word_1_42' title='bbox 566 1237 714 1303; x_wconf 86' lang='lat' dir='ltr'>suerunt.</span> <span class='ocrx_word' id='word_1_43' title='bbox 767 1238 812 1302; x_wconf 89' lang='lat' dir='ltr'>Et</span> <span class='ocrx_word' id='word_1_44' title='bbox 833 1256 952 1302; x_wconf 87' lang='lat' dir='ltr'>omnes</span> <span class='ocrx_word' id='word_1_45' title='bbox 968 1237 1047 1300; x_wconf 90' lang='lat' dir='ltr'>illos</span> <span class='ocrx_word' id='word_1_46' title='bbox 1064 1251 1151 1318; x_wconf 87' lang='lat' dir='ltr'>quos</span> <span class='ocrx_word' id='word_1_47' title='bbox 1168 1232 1358 1316; x_wconf 80' lang='lat' dir='ltr'>culpabiles</span> 
     </span>
     <span class='ocr_line' id='line_1_9' title="bbox 411 1333 1359 1419; baseline -0.007 -19"><span class='ocrx_word' id='word_1_48' title='bbox 411 1339 447 1400; x_wconf 87' lang='lat' dir='ltr'>in</span> <span class='ocrx_word' id='word_1_49' title='bbox 469 1338 655 1419; x_wconf 79' lang='lat' dir='ltr'>praemissis</span> <span class='ocrx_word' id='word_1_50' title='bbox 676 1338 884 1413; x_wconf 78' lang='lat' dir='ltr'>invenerint,</span> <span class='ocrx_word' id='word_1_51' title='bbox 907 1335 1100 1401; x_wconf 90' lang='lat' dir='ltr'>attachieut</span> <span class='ocrx_word' id='word_1_52' title='bbox 1129 1335 1190 1417; x_wconf 85' lang='lat' dir='ltr'>per</span> <span class='ocrx_word' id='word_1_53' title='bbox 1203 1333 1359 1415; x_wconf 68' lang='lat' dir='ltr'>‘corpora</span> 
     </span>
     <span class='ocr_line' id='line_1_10' title="bbox 413 1431 1360 1518; baseline -0.007 -19"><span class='ocrx_word' id='word_1_54' title='bbox 413 1455 540 1510; x_wconf 88' lang='lat' dir='ltr'>eorum,</span> <span class='ocrx_word' id='word_1_55' title='bbox 575 1436 626 1499; x_wconf 90' lang='lat' dir='ltr'>itu</span> <span class='ocrx_word' id='word_1_56' title='bbox 658 1436 750 1518; x_wconf 91' lang='lat' dir='ltr'>quod</span> <span class='ocrx_word' id='word_1_57' title='bbox 781 1455 841 1501; x_wconf 86' lang='lat' dir='ltr'>eos</span> <span class='ocrx_word' id='word_1_58' title='bbox 879 1437 1028 1501; x_wconf 81' lang='lat' dir='ltr'>habeant</span> <span class='ocrx_word' id='word_1_59' title='bbox 1063 1453 1179 1498; x_wconf 87' lang='lat' dir='ltr'>coram</span> <span class='ocrx_word' id='word_1_60' title='bbox 1212 1451 1294 1512; x_wconf 91' lang='lat' dir='ltr'>rege</span> <span class='ocrx_word' id='word_1_61' title='bbox 1322 1431 1360 1492; x_wconf 89' lang='lat' dir='ltr'>in</span> 
     </span>
     <span class='ocr_line' id='line_1_11' title="bbox 414 1529 1360 1617; baseline -0.004 -20"><span class='ocrx_word' id='word_1_62' title='bbox 414 1535 547 1598; x_wconf 89' lang='lat' dir='ltr'>octavis</span> <span class='ocrx_word' id='word_1_63' title='bbox 563 1534 698 1599; x_wconf 85' lang='lat' dir='ltr'>Sanctae</span> <span class='ocrx_word' id='word_1_64' title='bbox 723 1535 915 1610; x_wconf 71' lang='lat' dir='ltr'>Trinitatis</span> <span class='ocrx_word' id='word_1_65' title='bbox 933 1535 1129 1617; x_wconf 89' lang='lat' dir='ltr'>ubicunque</span> <span class='ocrx_word' id='word_1_66' title='bbox 1150 1540 1233 1596; x_wconf 90' lang='lat' dir='ltr'>tunc</span> <span class='ocrx_word' id='word_1_67' title='bbox 1255 1529 1360 1593; x_wconf 85' lang='lat' dir='ltr'>fuerit</span> 
     </span>
     <span class='ocr_line' id='line_1_12' title="bbox 415 1628 1360 1717; baseline -0.006 -21"><span class='ocrx_word' id='word_1_68' title='bbox 415 1636 452 1696; x_wconf 89' lang='lat' dir='ltr'>in</span> <span class='ocrx_word' id='word_1_69' title='bbox 479 1633 621 1714; x_wconf 89' lang='lat' dir='ltr'>Anglia,</span> <span class='ocrx_word' id='word_1_70' title='bbox 648 1632 690 1696; x_wconf 91' lang='lat' dir='ltr'>ad</span> <span class='ocrx_word' id='word_1_71' title='bbox 720 1635 996 1717; x_wconf 88' lang='lat' dir='ltr'>respondendum</span> <span class='ocrx_word' id='word_1_72' title='bbox 1023 1641 1094 1697; x_wconf 91' lang='lat' dir='ltr'>tam</span> <span class='ocrx_word' id='word_1_73' title='bbox 1121 1631 1260 1695; x_wconf 92' lang='lat' dir='ltr'>domino</span> <span class='ocrx_word' id='word_1_74' title='bbox 1285 1628 1360 1709; x_wconf 89' lang='lat' dir='ltr'>regi</span> 
     </span>
     <span class='ocr_line' id='line_1_13' title="bbox 416 1732 1359 1815; baseline -0.004 -21"><span class='ocrx_word' id='word_1_75' title='bbox 416 1751 520 1814; x_wconf 89' lang='lat' dir='ltr'>quam</span> <span class='ocrx_word' id='word_1_76' title='bbox 543 1732 621 1795; x_wconf 92' lang='lat' dir='ltr'>aliis</span> <span class='ocrx_word' id='word_1_77' title='bbox 643 1733 723 1796; x_wconf 90' lang='lat' dir='ltr'>inde</span> <span class='ocrx_word' id='word_1_78' title='bbox 745 1735 910 1815; x_wconf 83' lang='lat' dir='ltr'>conqueri</span> <span class='ocrx_word' id='word_1_79' title='bbox 930 1732 1124 1798; x_wconf 90' lang='lat' dir='ltr'>volentibus</span> <span class='ocrx_word' id='word_1_80' title='bbox 1145 1748 1248 1812; x_wconf 85' lang='lat' dir='ltr'>super</span> <span class='ocrx_word' id='word_1_81' title='bbox 1270 1747 1359 1811; x_wconf 86' lang='lat' dir='ltr'>prae-</span> 
     </span>
     <span class='ocr_line' id='line_1_14' title="bbox 417 1827 1359 1913; baseline -0.005 -20"><span class='ocrx_word' id='word_1_82' title='bbox 417 1832 543 1907; x_wconf 77' lang='lat' dir='ltr'>missia,</span> <span class='ocrx_word' id='word_1_83' title='bbox 573 1839 610 1895; x_wconf 90' lang='lat' dir='ltr'>et</span> <span class='ocrx_word' id='word_1_84' title='bbox 638 1831 682 1895; x_wconf 88' lang='lat' dir='ltr'>ad</span> <span class='ocrx_word' id='word_1_85' title='bbox 714 1831 908 1895; x_wconf 84' lang='lat' dir='ltr'>faciendum</span> <span class='ocrx_word' id='word_1_86' title='bbox 937 1840 974 1896; x_wconf 87' lang='lat' dir='ltr'>et</span> <span class='ocrx_word' id='word_1_87' title='bbox 1002 1829 1233 1913; x_wconf 88' lang='lat' dir='ltr'>recipiendum</span> <span class='ocrx_word' id='word_1_88' title='bbox 1266 1827 1359 1909; x_wconf 92' lang='lat' dir='ltr'>quod</span> 
     </span>
     <span class='ocr_line' id='line_1_15' title="bbox 417 1924 1360 2013; baseline -0.006 -19"><span class='ocrx_word' id='word_1_89' title='bbox 417 1930 514 1994; x_wconf 88' lang='lat' dir='ltr'>curia</span> <span class='ocrx_word' id='word_1_90' title='bbox 531 1924 710 1994; x_wconf 66' lang='lat' dir='ltr'>‘domini‘</span> <span class='ocrx_word' id='word_1_91' title='bbox 725 1932 817 2013; x_wconf 88' lang='lat' dir='ltr'>regis</span> <span class='ocrx_word' id='word_1_92' title='bbox 831 1929 1101 1995; x_wconf 82' lang='lat' dir='ltr'>consideraverit</span> <span class='ocrx_word' id='word_1_93' title='bbox 1117 1929 1153 1991; x_wconf 94' lang='lat' dir='ltr'>in</span> <span class='ocrx_word' id='word_1_94' title='bbox 1168 1929 1239 1992; x_wconf 90' lang='lat' dir='ltr'>hac</span> <span class='ocrx_word' id='word_1_95' title='bbox 1250 1933 1360 2010; x_wconf 87' lang='lat' dir='ltr'>parte.</span> 
     </span>
     <span class='ocr_line' id='line_1_16' title="bbox 419 2028 1360 2108; baseline -0.01 -12"><span class='ocrx_word' id='word_1_96' title='bbox 419 2029 464 2097; x_wconf 86' lang='lat' dir='ltr'>Et</span> <span class='ocrx_word' id='word_1_97' title='bbox 484 2030 702 2094; x_wconf 88' lang='lat' dir='ltr'>vicecomites</span> <span class='ocrx_word' id='word_1_98' title='bbox 722 2029 874 2094; x_wconf 89' lang='lat' dir='ltr'>habeant</span> <span class='ocrx_word' id='word_1_99' title='bbox 895 2031 942 2093; x_wconf 95' lang='lat' dir='ltr'>ibi</span> <span class='ocrx_word' id='word_1_100' title='bbox 967 2028 1105 2092; x_wconf 91' lang='lat' dir='ltr'>nomina</span> <span class='ocrx_word' id='word_1_101' title='bbox 1123 2047 1254 2103; x_wconf 88' lang='lat' dir='ltr'>eorum,</span> <span class='ocrx_word' id='word_1_102' title='bbox 1272 2043 1360 2108; x_wconf 90' lang='lat' dir='ltr'>quos</span> 
     </span>
     <span class='ocr_line' id='line_1_17' title="bbox 418 2125 1361 2211; baseline -0.003 -21"><span class='ocrx_word' id='word_1_103' title='bbox 418 2128 497 2192; x_wconf 87' lang='lat' dir='ltr'>inde</span> <span class='ocrx_word' id='word_1_104' title='bbox 537 2129 726 2211; x_wconf 90' lang='lat' dir='ltr'>culpabiles</span> <span class='ocrx_word' id='word_1_105' title='bbox 768 2129 973 2205; x_wconf 89' lang='lat' dir='ltr'>invenerint,</span> <span class='ocrx_word' id='word_1_106' title='bbox 1002 2137 1037 2193; x_wconf 90' lang='lat' dir='ltr'>et</span> <span class='ocrx_word' id='word_1_107' title='bbox 1065 2127 1193 2190; x_wconf 89' lang='lat' dir='ltr'>brevia.</span> <span class='ocrx_word' id='word_1_108' title='bbox 1259 2125 1361 2188; x_wconf 88' lang='lat' dir='ltr'>Man-</span> 
     </span>
     <span class='ocr_line' id='line_1_18' title="bbox 420 2223 1361 2310; baseline -0.005 -20"><span class='ocrx_word' id='word_1_109' title='bbox 420 2227 539 2291; x_wconf 90' lang='lat' dir='ltr'>datum</span> <span class='ocrx_word' id='word_1_110' title='bbox 568 2239 621 2291; x_wconf 89' lang='lat' dir='ltr'>est</span> <span class='ocrx_word' id='word_1_111' title='bbox 654 2228 823 2310; x_wconf 88' lang='lat' dir='ltr'>‘principi</span> <span class='ocrx_word' id='word_1_112' title='bbox 849 2224 1030 2304; x_wconf 82' lang='lat' dir='ltr'>Walliae,’⁵</span> <span class='ocrx_word' id='word_1_113' title='bbox 1060 2226 1178 2289; x_wconf 92' lang='lat' dir='ltr'>comiti</span> <span class='ocrx_word' id='word_1_114' title='bbox 1205 2223 1361 2298; x_wconf 88' lang='lat' dir='ltr'>Cestriae,</span> 
     </span>
     <span class='ocr_line' id='line_1_19' title="bbox 421 2321 1361 2411; baseline -0.006 -21"><span class='ocrx_word' id='word_1_115' title='bbox 421 2326 557 2390; x_wconf 90' lang='lat' dir='ltr'>custodi</span> <span class='ocrx_word' id='word_1_116' title='bbox 591 2327 718 2390; x_wconf 89' lang='lat' dir='ltr'>Scotiae</span> <span class='ocrx_word' id='word_1_117' title='bbox 748 2337 783 2392; x_wconf 89' lang='lat' dir='ltr'>et</span> <span class='ocrx_word' id='word_1_118' title='bbox 815 2327 1014 2411; x_wconf 79' lang='lat' dir='ltr'>justitiariis</span> <span class='ocrx_word' id='word_1_119' title='bbox 1046 2325 1237 2400; x_wconf 71' lang='lat' dir='ltr'>Hibernia,</span> <span class='ocrx_word' id='word_1_120' title='bbox 1269 2321 1361 2404; x_wconf 90' lang='lat' dir='ltr'>quod</span> 
     </span>
     <span class='ocr_line' id='line_1_20' title="bbox 421 2416 1363 2508; baseline -0.004 -22"><span class='ocrx_word' id='word_1_121' title='bbox 421 2426 489 2507; x_wconf 91' lang='lat' dir='ltr'>ipsi</span> <span class='ocrx_word' id='word_1_122' title='bbox 515 2431 529 2507; x_wconf 86' lang='lat'>.‘</span> <span class='ocrx_word' id='word_1_123' title='bbox 545 2426 702 2489; x_wconf 91' lang='lat' dir='ltr'>similiter</span> <span class='ocrx_word' id='word_1_124' title='bbox 715 2416 742 2458; x_wconf 81' lang='lat'>&#39;⁶</span> <span class='ocrx_word' id='word_1_125' title='bbox 772 2426 961 2508; x_wconf 88' lang='lat' dir='ltr'>procedant</span> <span class='ocrx_word' id='word_1_126' title='bbox 991 2427 1027 2489; x_wconf 93' lang='lat' dir='ltr'>in</span> <span class='ocrx_word' id='word_1_127' title='bbox 1061 2425 1161 2488; x_wconf 88' lang='lat' dir='ltr'>terris</span> <span class='ocrx_word' id='word_1_128' title='bbox 1189 2420 1363 2505; x_wconf 89' lang='lat' dir='ltr'>praedictis</span> 
     </span>
     <span class='ocr_line' id='line_1_21' title="bbox 421 2519 1362 2606; baseline -0.005 -20"><span class='ocrx_word' id='word_1_129' title='bbox 421 2543 525 2605; x_wconf 90' lang='lat' dir='ltr'>super</span> <span class='ocrx_word' id='word_1_130' title='bbox 556 2525 703 2606; x_wconf 89' lang='lat' dir='ltr'>negotiis</span> <span class='ocrx_word' id='word_1_131' title='bbox 729 2526 939 2603; x_wconf 88' lang='lat' dir='ltr'>memoratis,</span> <span class='ocrx_word' id='word_1_132' title='bbox 959 2535 994 2588; x_wconf 89' lang='lat' dir='ltr'>et</span> <span class='ocrx_word' id='word_1_133' title='bbox 1019 2519 1259 2606; x_wconf 87' lang='lat' dir='ltr'>provisionem,</span> <span class='ocrx_word' id='word_1_134' title='bbox 1281 2539 1362 2583; x_wconf 87' lang='lat' dir='ltr'>con-</span> 
     </span>
     <span class='ocr_line' id='line_1_22' title="bbox 421 2621 1362 2702; baseline -0.004 -17"><span class='ocrx_word' id='word_1_135' title='bbox 421 2621 584 2699; x_wconf 90' lang='lat' dir='ltr'>cordiam,</span> <span class='ocrx_word' id='word_1_136' title='bbox 608 2623 856 2688; x_wconf 88' lang='lat' dir='ltr'>ordinationem</span> <span class='ocrx_word' id='word_1_137' title='bbox 881 2632 916 2688; x_wconf 91' lang='lat' dir='ltr'>et</span> <span class='ocrx_word' id='word_1_138' title='bbox 942 2622 1250 2688; x_wconf 86' lang='lat' dir='ltr'>considerationem</span> <span class='ocrx_word' id='word_1_139' title='bbox 1275 2638 1362 2702; x_wconf 88' lang='lat' dir='ltr'>prae·</span> 
     </span>
     <span class='ocr_line' id='line_1_23' title="bbox 421 2719 1362 2787; baseline -0.002 -3"><span class='ocrx_word' id='word_1_140' title='bbox 421 2722 533 2784; x_wconf 88' lang='lat' dir='ltr'>dictas</span> <span class='ocrx_word' id='word_1_141' title='bbox 548 2723 584 2784; x_wconf 92' lang='lat' dir='ltr'>in</span> <span class='ocrx_word' id='word_1_142' title='bbox 600 2722 727 2786; x_wconf 90' lang='lat' dir='ltr'>eisdem</span> <span class='ocrx_word' id='word_1_143' title='bbox 750 2723 851 2787; x_wconf 87' lang='lat' dir='ltr'>terris</span> <span class='ocrx_word' id='word_1_144' title='bbox 874 2723 1003 2787; x_wconf 83' lang='lat' dir='ltr'>faciant</span> <span class='ocrx_word' id='word_1_145' title='bbox 1028 2721 1170 2785; x_wconf 88' lang='lat' dir='ltr'>firmiter</span> <span class='ocrx_word' id='word_1_146' title='bbox 1191 2727 1226 2784; x_wconf 90' lang='lat' dir='ltr'>ct</span> <span class='ocrx_word' id='word_1_147' title='bbox 1253 2719 1362 2782; x_wconf 67' lang='lat' dir='ltr'>invio»</span> 
     </span>
     <span class='ocr_line' id='line_1_24' title="bbox 421 2818 778 2887; baseline 0.008 -5"><span class='ocrx_word' id='word_1_148' title='bbox 421 2818 573 2884; x_wconf 89' lang='lat' dir='ltr'>labiliter</span> <span class='ocrx_word' id='word_1_149' title='bbox 591 2823 778 2887; x_wconf 84' lang='lat' dir='ltr'>observari</span> 
     </span>
    </p>

    <p class='ocr_par' dir='ltr' id='par_1_4' title="bbox 258 2915 1364 3004">
     <span class='ocr_line' id='line_1_25' title="bbox 258 2915 1364 3004; baseline -0.003 -22"><span class='ocrx_word' id='word_1_150' title='bbox 258 2931 409 2982; x_wconf 60' lang='lat' dir='ltr'>adommim</span> <span class='ocrx_word' id='word_1_151' title='bbox 473 2920 542 2985; x_wconf 89' lang='lat' dir='ltr'>‘Et</span> <span class='ocrx_word' id='word_1_152' title='bbox 569 2920 613 2985; x_wconf 92' lang='lat' dir='ltr'>ad</span> <span class='ocrx_word' id='word_1_153' title='bbox 644 2921 809 3004; x_wconf 89' lang='lat' dir='ltr'>majorem</span> <span class='ocrx_word' id='word_1_154' title='bbox 831 2921 935 3004; x_wconf 90' lang='lat' dir='ltr'>hujus</span> <span class='ocrx_word' id='word_1_155' title='bbox 958 2923 1008 2984; x_wconf 88' lang='lat' dir='ltr'>rei</span> <span class='ocrx_word' id='word_1_156' title='bbox 1031 2920 1251 2996; x_wconf 85' lang='lat' dir='ltr'>evidentiam,</span> <span class='ocrx_word' id='word_1_157' title='bbox 1274 2915 1364 2982; x_wconf 93' lang='lat' dir='ltr'>ordi·</span> 
     </span>
    </p>
   </div>
   <div class='ocr_carea' id='block_1_3' title="bbox 259 2983 385 3022">
    <p class='ocr_par' dir='ltr' id='par_1_5' title="bbox 259 2983 385 3022">
     <span class='ocr_line' id='line_1_26' title="bbox 259 2983 385 3022; baseline -0.016 0"><span class='ocrx_word' id='word_1_158' title='bbox 259 2987 308 3022; x_wconf 83' lang='lat' dir='ltr'>rent</span> <span class='ocrx_word' id='word_1_159' title='bbox 317 2989 339 3022; x_wconf 89' lang='lat' dir='ltr'>to</span> <span class='ocrx_word' id='word_1_160' title='bbox 347 2983 385 3021; x_wconf 83' lang='lat' dir='ltr'>the</span> 
     </span>
    </p>
   </div>
   <div class='ocr_carea' id='block_1_4' title="bbox 255 3020 1385 3598">
    <p class='ocr_par' dir='ltr' id='par_1_6' title="bbox 255 3020 1385 3498">
     <span class='ocr_line' id='line_1_27' title="bbox 259 3020 1364 3122; baseline -0.002 -41"><span class='ocrx_word' id='word_1_161' title='bbox 259 3033 401 3122; x_wconf 57' lang='lat' dir='ltr'>{ffi‘ffl</span> <span class='ocrx_word' id='word_1_162' title='bbox 421 3027 541 3083; x_wconf 88' lang='lat' dir='ltr'>natum</span> <span class='ocrx_word' id='word_1_163' title='bbox 568 3027 622 3084; x_wconf 91' lang='lat' dir='ltr'>est</span> <span class='ocrx_word' id='word_1_164' title='bbox 643 3027 678 3085; x_wconf 90' lang='lat' dir='ltr'>et</span> <span class='ocrx_word' id='word_1_165' title='bbox 699 3020 946 3086; x_wconf 88' lang='lat' dir='ltr'>concordatum</span> <span class='ocrx_word' id='word_1_166' title='bbox 967 3041 1029 3102; x_wconf 89' lang='lat' dir='ltr'>per</span> <span class='ocrx_word' id='word_1_167' title='bbox 1045 3020 1221 3084; x_wconf 91' lang='lat' dir='ltr'>dominum</span> <span class='ocrx_word' id='word_1_168' title='bbox 1237 3033 1364 3098; x_wconf 82' lang='lat' dir='ltr'>regem,</span> 
     </span>
     <span class='ocr_line' id='line_1_28' title="bbox 255 3113 1366 3222; baseline -0.004 -40"><span class='ocrx_word' id='word_1_169' title='bbox 255 3133 334 3222; x_wconf 62' lang='lat'>3¹:5⁶„</span> <span class='ocrx_word' id='word_1_170' title='bbox 421 3126 457 3182; x_wconf 88' lang='lat' dir='ltr'>et</span> <span class='ocrx_word' id='word_1_171' title='bbox 475 3127 584 3185; x_wconf 90' lang='lat' dir='ltr'>totum</span> <span class='ocrx_word' id='word_1_172' title='bbox 603 3120 784 3184; x_wconf 86' lang='lat' dir='ltr'>consilium</span> <span class='ocrx_word' id='word_1_173' title='bbox 801 3119 1016 3202; x_wconf 89' lang='lat' dir='ltr'>praedictum,</span> <span class='ocrx_word' id='word_1_174' title='bbox 1035 3121 1125 3203; x_wconf 90' lang='lat' dir='ltr'>qnod</span> <span class='ocrx_word' id='word_1_175' title='bbox 1151 3118 1237 3182; x_wconf 89' lang='lat' dir='ltr'>certi</span> <span class='ocrx_word' id='word_1_176' title='bbox 1251 3113 1366 3180; x_wconf 82' lang='lat' dir='ltr'>nuncii</span> 
     </span>
     <span class='ocr_line' id='line_1_29' title="bbox 336 3208 1385 3303; baseline -0.003 -22"><span class='ocrx_word' id='word_1_177' title='bbox 336 3208 342 3220; x_wconf 73' lang='grc'><strong>’</strong></span> <span class='ocrx_word' id='word_1_178' title='bbox 421 3221 557 3300; x_wconf 88' lang='lat' dir='ltr'>experti</span> <span class='ocrx_word' id='word_1_179' title='bbox 585 3219 629 3282; x_wconf 89' lang='lat' dir='ltr'>ad</span> <span class='ocrx_word' id='word_1_180' title='bbox 659 3220 789 3283; x_wconf 90' lang='lat' dir='ltr'>dictum</span> <span class='ocrx_word' id='word_1_181' title='bbox 815 3219 991 3284; x_wconf 87' lang='lat' dir='ltr'>dominum</span> <span class='ocrx_word' id='word_1_182' title='bbox 1021 3239 1161 3303; x_wconf 89' lang='lat' dir='ltr'>papam,</span> <span class='ocrx_word' id='word_1_183' title='bbox 1188 3237 1232 3281; x_wconf 84' lang='lat' dir='ltr'>ex</span> <span class='ocrx_word' id='word_1_184' title='bbox 1267 3222 1385 3299; x_wconf 85' lang='lat' dir='ltr'>parte¹</span> 
     </span>
     <span class='ocr_line' id='line_1_30' title="bbox 421 3316 1366 3401; baseline -0.002 -22"><span class='ocrx_word' id='word_1_185' title='bbox 421 3317 504 3382; x_wconf 91' lang='lat' dir='ltr'>dicti</span> <span class='ocrx_word' id='word_1_186' title='bbox 528 3318 657 3381; x_wconf 89' lang='lat' dir='ltr'>domini</span> <span class='ocrx_word' id='word_1_187' title='bbox 683 3320 787 3401; x_wconf 89' lang='lat' dir='ltr'>regis,</span> <span class='ocrx_word' id='word_1_188' title='bbox 810 3319 986 3394; x_wconf 89' lang='lat' dir='ltr'>comitum,</span> <span class='ocrx_word' id='word_1_189' title='bbox 1012 3320 1179 3382; x_wconf 91' lang='lat' dir='ltr'>baronum</span> <span class='ocrx_word' id='word_1_190' title='bbox 1203 3326 1239 3381; x_wconf 88' lang='lat' dir='ltr'>et</span> <span class='ocrx_word' id='word_1_191' title='bbox 1260 3316 1366 3380; x_wconf 90' lang='lat' dir='ltr'>totius</span> 
     </span>
     <span class='ocr_line' id='line_1_31' title="bbox 422 3415 1366 3498; baseline 0 -22"><span class='ocrx_word' id='word_1_192' title='bbox 422 3417 680 3480; x_wconf 87' lang='lat' dir='ltr'>communitatis</span> <span class='ocrx_word' id='word_1_193' title='bbox 698 3417 885 3498; x_wconf 87' lang='lat' dir='ltr'>praedictae,</span> <span class='ocrx_word' id='word_1_194' title='bbox 903 3418 1195 3492; x_wconf 89' lang='lat' dir='ltr'>transmittantur,</span> <span class='ocrx_word' id='word_1_195' title='bbox 1212 3415 1256 3478; x_wconf 88' lang='lat' dir='ltr'>ad</span> <span class='ocrx_word' id='word_1_196' title='bbox 1279 3433 1366 3497; x_wconf 89' lang='lat' dir='ltr'>prae-</span> 
     </span>
    </p>

    <p class='ocr_par' dir='ltr' id='par_1_7' title="bbox 421 3513 1366 3598">
     <span class='ocr_line' id='line_1_32' title="bbox 421 3513 1366 3598; baseline -0.001 -23"><span class='ocrx_word' id='word_1_197' title='bbox 421 3513 517 3576; x_wconf 88' lang='lat' dir='ltr'>dicta</span> <span class='ocrx_word' id='word_1_198' title='bbox 555 3515 771 3595; x_wconf 83' lang='lat' dir='ltr'>gravamina,</span> <span class='ocrx_word' id='word_1_199' title='bbox 803 3518 1055 3598; x_wconf 89' lang='lat' dir='ltr'>oppressiones,</span> <span class='ocrx_word' id='word_1_200' title='bbox 1086 3514 1301 3580; x_wconf 88' lang='lat' dir='ltr'>extorsiones</span> <span class='ocrx_word' id='word_1_201' title='bbox 1333 3518 1366 3575; x_wconf 90' lang='lat' dir='ltr'>et</span> 
     </span>
    </p>
   </div>
   <div class='ocr_carea' id='block_1_5' title="bbox 421 3611 1105 3698">
    <p class='ocr_par' dir='ltr' id='par_1_8' title="bbox 421 3611 1105 3698">
     <span class='ocr_line' id='line_1_33' title="bbox 421 3611 1105 3698; baseline 0.01 -25"><span class='ocrx_word' id='word_1_202' title='bbox 421 3611 564 3694; x_wconf 90' lang='lat' dir='ltr'>injurias</span> <span class='ocrx_word' id='word_1_203' title='bbox 580 3612 790 3677; x_wconf 89' lang='lat' dir='ltr'>notificanda</span> <span class='ocrx_word' id='word_1_204' title='bbox 805 3623 840 3678; x_wconf 89' lang='lat' dir='ltr'>et</span> <span class='ocrx_word' id='word_1_205' title='bbox 858 3613 1105 3698; x_wconf 78' lang='lat' dir='ltr'>exponenda.’⁷</span> 
     </span>
    </p>
   </div>
   <div class='ocr_carea' id='block_1_6' title="bbox 456 3829 1375 4174">
    <p class='ocr_par' dir='ltr' id='par_1_9' title="bbox 457 3829 1373 4033">
     <span class='ocr_line' id='line_1_34' title="bbox 457 3829 1373 3896; baseline 0.004 -17"><span class='ocrx_word' id='word_1_206' title='bbox 457 3829 464 3859; x_wconf 91' lang='lat'>¹</span> <span class='ocrx_word' id='word_1_207' title='bbox 482 3831 827 3894; x_wconf 72' lang='lat' dir='ltr'>‘pradictimagistri,’1t0t.</span> <span class='ocrx_word' id='word_1_208' title='bbox 945 3830 1063 3882; x_wconf 78' lang='lat' dir='ltr'>&#39;‘etiam</span> <span class='ocrx_word' id='word_1_209' title='bbox 1082 3833 1191 3894; x_wconf 82' lang='lat' dir='ltr'>principi</span> <span class='ocrx_word' id='word_1_210' title='bbox 1208 3833 1310 3882; x_wconf 87' lang='lat' dir='ltr'>Walliae</span> <span class='ocrx_word' id='word_1_211' title='bbox 1330 3834 1373 3896; x_wconf 88' lang='lat' dir='ltr'>et,’</span> 
     </span>
     <span class='ocr_line' id='line_1_35' title="bbox 910 3901 1238 4033; baseline 0.003 -13"><span class='ocrx_word' id='word_1_212' title='bbox 910 3901 979 4000; x_wconf 25' lang='grc' dir='ltr'>κοξκ</span> <span class='ocrx_word' id='word_1_213' title='bbox 988 3972 1168 4033; x_wconf 89' lang='lat' dir='ltr'>consimiliter,&#39;</span> <span class='ocrx_word' id='word_1_214' title='bbox 1181 3971 1238 4022; x_wconf 80' lang='lat' dir='ltr'>aot.</span> 
     </span>
    </p>

    <p class='ocr_par' dir='ltr' id='par_1_10' title="bbox 456 4036 1375 4174">
     <span class='ocr_line' id='line_1_36' title="bbox 943 4036 1375 4103; baseline 0.002 -14"><span class='ocrx_word' id='word_1_215' title='bbox 943 4036 954 4069; x_wconf 91' lang='lat'>⁷</span> <span class='ocrx_word' id='word_1_216' title='bbox 970 4041 1033 4090; x_wconf 81' lang='lat' dir='ltr'>This</span> <span class='ocrx_word' id='word_1_217' title='bbox 1050 4041 1137 4090; x_wconf 86' lang='lat' dir='ltr'>clause</span> <span class='ocrx_word' id='word_1_218' title='bbox 1148 4043 1171 4090; x_wconf 87' lang='lat' dir='ltr'>is</span> <span class='ocrx_word' id='word_1_219' title='bbox 1182 4043 1331 4103; x_wconf 87' lang='lat' dir='ltr'>transposed</span> <span class='ocrx_word' id='word_1_220' title='bbox 1348 4043 1375 4090; x_wconf 90' lang='lat' dir='ltr'>in</span> 
     </span>
     <span class='ocr_line' id='line_1_37' title="bbox 456 4105 1372 4174; baseline 0.008 -21"><span class='ocrx_word' id='word_1_221' title='bbox 456 4105 465 4153; x_wconf 87' lang='lat'>⁴.</span> <span class='ocrx_word' id='word_1_222' title='bbox 482 4107 597 4156; x_wconf 82' lang='lat' dir='ltr'>Omitted</span> <span class='ocrx_word' id='word_1_223' title='bbox 608 4109 634 4155; x_wconf 90' lang='lat' dir='ltr'>in</span> <span class='ocrx_word' id='word_1_224' title='bbox 647 4107 704 4157; x_wconf 86' lang='lat' dir='ltr'>Rot.</span> <span class='ocrx_word' id='word_1_225' title='bbox 777 4125 779 4130; x_wconf 62' lang='lat'><strong><em>¹</em></strong></span> <span class='ocrx_word' id='word_1_226' title='bbox 910 4111 967 4160; x_wconf 85' lang='lat' dir='ltr'>Rot.</span> <span class='ocrx_word' id='word_1_227' title='bbox 1010 4111 1070 4160; x_wconf 84' lang='lat' dir='ltr'>Vide</span> <span class='ocrx_word' id='word_1_228' title='bbox 1081 4112 1219 4173; x_wconf 83' lang='lat' dir='ltr'>preceding</span> <span class='ocrx_word' id='word_1_229' title='bbox 1229 4125 1304 4174; x_wconf 79' lang='lat' dir='ltr'>page,</span> <span class='ocrx_word' id='word_1_230' title='bbox 1315 4127 1340 4161; x_wconf 90' lang='lat' dir='ltr'>n.</span> <span class='ocrx_word' id='word_1_231' title='bbox 1350 4116 1372 4160; x_wconf 87' lang='grc'>7.</span> 
     </span>
    </p>
   </div>
   <div class='ocr_carea' id='block_1_7' title="bbox 455 3933 673 4080">
    <p class='ocr_par' dir='ltr' id='par_1_11' title="bbox 455 3933 673 4080">
     <span class='ocr_line' id='line_1_38' title="bbox 456 3933 673 3993; baseline 0 -11"><span class='ocrx_word' id='word_1_232' title='bbox 456 3935 466 3962; x_wconf 76' lang='lat'>²</span> <span class='ocrx_word' id='word_1_233' title='bbox 482 3934 491 3960; x_wconf 90' lang='lat'>‘</span> <span class='ocrx_word' id='word_1_234' title='bbox 499 3933 603 3993; x_wconf 87' lang='lat' dir='ltr'>eorum,&#39;</span> <span class='ocrx_word' id='word_1_235' title='bbox 615 3934 673 3983; x_wconf 88' lang='lat' dir='ltr'>Rot.</span> 
     </span>
     <span class='ocr_line' id='line_1_39' title="bbox 455 4017 662 4080; baseline 0.01 -13"><span class='ocrx_word' id='word_1_236' title='bbox 455 4017 466 4046; x_wconf 78' lang='lat'>³</span> <span class='ocrx_word' id='word_1_237' title='bbox 481 4020 592 4080; x_wconf 63' lang='lat' dir='ltr'>‘dictis&#39;</span> <span class='ocrx_word' id='word_1_238' title='bbox 604 4020 662 4069; x_wconf 85' lang='lat' dir='ltr'>Rot.</span> 
     </span>
    </p>
   </div>
   <div class='ocr_carea' id='block_1_8' title="bbox 0 0 1601 4988">
    <p class='ocr_par' dir='ltr' id='par_1_12' title="bbox 0 0 1601 4988">
     <span class='ocr_line' id='line_1_40' title="bbox 0 0 1601 4988; baseline 0 0"><span class='ocrx_word' id='word_1_239' title='bbox 0 0 1601 4988; x_wconf 95' lang='lat' dir='ltr'> </span> 
     </span>
    </p>
   </div>
  </div>
 </body>
</html>
