3166 4992
425 481 595 529 wlturar
621 481 667 528 nr
690 482 973 536 uunrnenunen.
1111 471 1176 534 179

217 634 324 718 juxta
366 635 553 720 Fawlcyrk.
622 639 666 702 In
700 639 824 722 quibus
858 641 996 723 quidem
1035 644 1172 709 circulis
1196 653 1321 744 33³5}ss

220 735 387 800 sedebant
410 737 490 801 ·viri
514 738 690 816 lancearii,
719 758 796 803 cum
826 740 954 806 lanceis
983 743 1055 806 suls
1084 731 1326 828 obli-W

220 833 371 916 qualiter
404 837 553 916 erectis3
593 839 772 922 conjuncti
811 840 949 921 quidem
986 837 1277 925 unusquis-m·

220 953 289 1016 que
319 935 547 1013 adulterum,
573 944 609 1000 et
636 939 747 1002 versis
777 931 933 1003 vultibus
960 941 996 1004 in
1026 943 1171 1006 circum-

219 1033 399 1099 ferentiam
417 1036 635 1100 circulorum.
688 1037 788 1102 Inter
812 1039 959 1103 circulos
975 1039 1053 1104 illos
1069 1051 1169 1108 erant

219 1134 334 1215 spatia
368 1135 527 1216 quaedam
558 1135 773 1213 intermedia,
802 1138 838 1200 in
873 1140 999 1219 quibus
1037 1147 1167 1208 statue·

217 1231 347 1297 bantur
363 1235 435 1298 viri'
451 1235 636 1315 sagittarii.
689 1236 735 1302 Et
757 1235 794 1299 in
816 1245 974 1301 extrema
988 1252 1088 1320 parte
1112 1261 1165 1305 re·

218 1335 847 1417 trorsumerant‘equestres'¹eorum.
872 1335 1167 1420 Cumque,uudita

218 1432 336 1508 missa,
362 1434 436 1514 regi
458 1440 576 1497 nostro
595 1435 679 1498 talia
703 1434 910 1513 dicerentur,
928 1437 1114 1515 haesitavit,
1130 1447 1166 1504 et

217 1533 396 1615 proposuit
422 1541 459 1596 ut
484 1534 634 1597 tentoria
655 1533 798 1616 figerent
822 1552 1001 1617 quousque
1024 1546 1164 1619 gustas·

216 1639 293 1695 sent
329 1631 460 1714 aliquid
493 1632 646 1697 homines
675 1641 711 1697 et
735 1633 904 1717 jumenta.
959 1633 1039 1698 Non
1072 1638 1160 1700 enlm

215 1738 442 1811 gustaverant
460 1733 504 1796 ab
518 1732 604 1796 hora
618 1733 685 1795 diei
709 1732 933 1814 praecedentis
952 1735 1066 1799 tertia.
1110 1733 1161 1800 At

214 1829 265 1893 illi
288 1831 450 1894 dixerunt
474 1832 517 1906 ei,
533 1837 555 1866 “
571 1831 651 1895 Non
675 1839 729 1895 est
746 1850 905 1897 securum
930 1833 1007 1910 hoe,
1030 1833 1060 1897 0
1084 1853 1160 1911 rex,

215 1929 298 2012 quia
320 1931 411 1994 inter
434 1930 497 1993 hos
519 1930 607 1994 duos
636 1931 808 1994 exercitus
830 1951 898 1996 non
921 1939 975 1996 est
1001 1932 1066 1994 nisi
1089 1939 1159 1995 tor·

212 2048 293 2092 rens
308 2029 558 2111 permodicus.''
610 2029 656 2092 Et
669 2030 720 2093 ait
735 2050 810 2106 rex,
825 2030 950 2109 “Quid
962 2049 1045 2112 ergo
1057 2030 1101 2095 l’'
1123 2041 1158 2095 et

212 2128 385 2210 inquiunt,
397 2129 632 2211 “Equitemus
641 2130 677 2192 in
686 2130 823 2192 nomine
833 2129 986 2204 Domini,
997 2131 1159 2211 quoniam

213 2245 354 2309 campus
368 2235 485 2292 noster
495 2236 548 2293 est
560 2236 595 2292 et
603 2228 747 2293 victoria
763 2228 918 2292 nostra.”
958 2228 1003 2293 Et
1015 2227 1065 2293 ait
1080 2245 1156 2306 rex,

213 2331 234 2362 ‘⁶
244 2327 324 2390 Fiat
335 2347 419 2409 ergo
428 2328 490 2405 sic,
501 2328 537 2391 in
549 2328 685 2391 nomine
693 2326 810 2392 Patris
821 2335 855 2392 et
868 2327 949 2390 Filii
959 2333 994 2391 et
1007 2327 1156 2409 Spiritus

212 2425 364 2490 Sancti.'’
415 2426 761 2508 Statimquecomites
776 2428 897 2508 primae
913 2425 1009 2502 aciei,
1023 2427 1157 2491 scilicet

211 2544 325 2589 comes
347 2527 582 2603 marescallus,
598 2545 711 2590 comes
728 2525 973 2590 Herlordensis
990 2535 1025 2590 et
1042 2545 1157 2590 comes

212 2624 473 2701 lincolniensis,
485 2626 684 2690 direxerunt
700 2626 808 2689 aciem
821 2643 919 2690 suam
928 2625 1099 2688 linealiter
1112 2624 1156 2688 ad

210 2722 338 2800 hosteS,
349 2725 539 2788 nescientes
550 2725 663 2787 lacum
678 2724 916 2789 intermedium
927 2731 962 2786 et
971 2723 1155 2788 bitumino·

208 2839 296 2888 sum.
344 2823 457 2902 Quem
473 2841 551 2886 cum
568 2822 744 2900 vidissent,
760 2823 1062 2886 circumduxerunt
1076 2843 1154 2886 eum

207 2937 329 2985 versus
346 2921 570 2997 occidentem,
588 2929 623 2985 et
643 2922 741 2984 sicin
756 2930 856 3004 parte
872 2920 1037 2984 retardati
1054 2928 1151 2984 sunt:

207 3021 299 3083 ecies
312 3040 395 3084 vero
411 3019 574 3096 secunda,
589 3020 720 3082 scilicet
731 3019 977 3083 Dunolmensis
990 3019 1153 3100 episcopi,

207 3137 286 3200 quae
309 3120 500 3183 constituta
513 3117 625 3180 fuerat
641 3137 685 3181 ex
708 3133 844 3182 xxxvr.
860 3116 1051 3181 vexillariis
1066 3117 1154 3180 elec-

207 3218 264 3293 tis,
297 3219 409 3281 sciens
444 3216 724 3299 impedimentum
756 3217 823 3280 laci
852 3215 957 3292 illius,
989 3214 1152 3280 tendebat

205 3317 432 3381 adorientem
458 3323 496 3378 ut
523 3335 600 3378 eum
625 3316 906 3379 circumduceret.
960 3312 1075 3392 Quam
1095 3333 1153 3381 su-

206 3435 269 3497 pra
283 3416 423 3480 modum
439 3415 666 3490 festinantem,
679 3421 717 3478 ut
732 3416 861 3496 primos
875 3412 957 3476 belli
972 3414 1062 3477 ictus
1077 3433 1153 3477 sus-

205 3515 344 3597 ciperet,
371 3535 448 3579 cum
474 3515 548 3595 ipse
571 3515 753 3596 episcopus
776 3512 970 3595 praestolari
987 3511 1152 3596 jussisset

133 3607 137 3616 ’
205 3633 313 3696 usque
337 3614 380 3678 ad
404 3614 771 3696 appropinquationem
800 3611 892 3694 regis
915 3613 1027 3677 tertiae
1051 3612 1150 3689 aciei,

204 3713 379 3795 respondit
391 3715 422 3778 ei
435 3714 493 3776 ille
509 3713 606 3777 miles
619 3720 780 3776 strenuus
799 3709 1005 3794 Radulphus
1024 3712 1150 3775 Basset

203 3811 246 3876 de
273 3811 444 3893 Drayton‚
470 3820 503 3876 et
529 3812 600 3876 ait:
625 3817 647 3846 “
663 3809 745 3876 Non
769 3820 823 3876 est
840 3818 950 3886 tuum,
977 3811 1149 3891 episcope,

201 3910 324 3975 docere
342 3929 404 3974 nos
431 3912 467 3974 iu
493 3912 654 3993 praesenti
678 3911 720 3974 de
749 3911 883 3986 militia,
900 3909 959 3990 qui
981 3915 1016 3971 te
1040 3909 1148 3971 intro·

201 4010 337 4074 mittere
362 4011 466 4076 debes
482 4011 525 4073 de
541 4011 655 4072 missa.
673 4041 675 4046 v
708 4008 845 4084 Vade‚’'
863 4006 1002 4089 quidem
1024 4006 1149 4086 inquit,

488 4224 495 4254 ¹
514 4225 682 4289 ‘pedestres’
693 4225 751 4276 MS.
764 4224 859 4274 Lausd.

927 4329 943 4364 u
961 4320 977 4367 2
