3138 4988
398 469 466 536 830
767 485 979 534 canonicos

238 659 387 752 affluat..
400 643 521 708 derant
540 642 722 719 auxilium,
740 641 930 719 consilium,
946 647 983 704 et
1006 639 1174 716 favorem,
1192 639 1248 704 vel
1272 640 1353 716 sibi,

239 764 388 843 Μ
401 750 566 825 tanquam
590 742 790 824 imperatori
812 741 867 806 rel
892 741 967 822 regi
988 740 1238 814 Romanorum,
1253 757 1352 802 reve·

238 843 341 932 {th
400 842 522 905 rentiae
537 841 682 916 cultum,
700 859 763 904 seu
785 838 924 904 titulum
946 838 1074 920 regalis
1089 838 1147 902 vel
1162 837 1352 919 imperialis

400 941 548 1005 nominis
570 941 789 1021 assignarent
809 939 968 1013 scienter,
996 957 1038 1002 ac
1061 937 1246 1022 quuslibet
1270 956 1352 1018 par·

399 1039 610 1121 ticipationis
631 1038 760 1104 foedere
779 1037 1015 1102 contrahendo
1031 1055 1110 1100 cum
1130 1037 1220 1117 ipso,
1237 1042 1272 1098 et
1289 1055 1352 1098 ex-

400 1137 566 1202 hibitione
582 1137 784 1202 reverentiae
802 1144 839 1200 et
851 1136 992 1200 honoris
1005 1136 1082 1211 sibi,
1097 1142 1261 1217 tanquam
1277 1135 1351 1215 regi

400 1237 455 1300 uel
472 1236 684 1319 imperatori,
694 1255 874 1319 quousque
888 1235 1002 1299 dictus
1018 1233 1215 1298 Ludovicus
1230 1252 1350 1296 recon-

400 1335 583 1400 ciliationis
616 1335 772 1419 ejusdem
803 1334 957 1398 ecclesia
991 1334 1173 1397 meruisset
1200 1332 1350 1414 gratiam

401 1435 566 1510 obtinere,
579 1435 717 1515 penitus
728 1442 763 1497 tc
778 1433 952 1497 retrahere
961 1439 997 1496 et
1008 1432 1163 1496 totaliter
1176 1432 1350 1495 abstinere

401 1551 553 1608 curares,
582 1540 622 1597 ut
643 1533 708 1597 tibi
730 1532 832 1596 famae
861 1532 1045 1613 integritas
1073 1538 1108 1594 et
1134 1531 1269 1595 illibata
1298 1529 1350 1592 tui

401 1632 537 1711 generis
551 1631 691 1695 claritas
711 1639 943 1695 servarentur.
996 1629 1085 1694 Cum
1101 1636 1217 1693 autern
1231 1647 1350 1691 rumor

400 1729 607 1814 implacidus
622 1738 658 1794 et
678 1730 862 1794 admodum
876 1729 1021 1793 infestus
1039 1728 1083 1791 ad
1098 1747 1162 1792 nos
1178 1728 1350 1811 perduxe-

400 1829 446 1892 rit
469 1828 535 1892 hiis
558 1830 689 1906 diebus,
712 1830 805 1912 quod
839 1837 890 1905 tu,
916 1828 978 1904 fili,
1005 1828 1285 1909 requisitionibus
1313 1833 1350 1890 et

400 1929 638 2010 rogationibus
671 1929 798 1992 nostris
823 1927 1032 2010 hujusmodi,
1067 1926 1188 2009 utique
1216 1925 1348 1990 saluta-

399 2028 495 2090 ribus
510 2035 544 2091 et
564 2027 607 2091 de
620 2027 716 2092 fonte
732 2026 980 2110 prodeuntibus
1002 2025 1170 2101 caritatis,
1187 2044 1254 2088 non
1273 2025 1348 2087 sine

399 2125 606 2191 detrimento
628 2134 700 2191 tuae
725 2127 849 2191 salutis
872 2131 909 2188 et
933 2124 1048 2200 famae,
1074 2124 1166 2205 quod
1191 2123 1350 2188 dolentes

400 2225 591 2302 referimus,
617 2224 812 2304 obauditis3
844 2243 915 2288 non
940 2223 1051 2288 solum
1076 2243 1156 2287 cum
1181 2222 1349 2305 praedicto

400 2321 592 2401 Lndovico‚
618 2325 770 2389 nondum
800 2324 909 2388 eidem
935 2323 1157 2386 reconciliato
1182 2321 1348 2396 ecclesia,

398 2441 461 2486 nec
489 2443 511 2486 a
538 2423 652 2505 poenis
676 2432 712 2487 et
733 2423 925 2499 sententiis,
946 2423 1071 2503 quibus
1096 2427 1238 2504 propter
1258 2439 1347 2501 prae-

399 2523 507 2585 missa
525 2520 647 2585 atalia
665 2522 776 2585 multa
799 2522 921 2603 gravia
943 2521 1136 2597 commissa,
1153 2541 1214 2602 per
1232 2520 1347 2601 ipsum

400 2620 686 2701 praedecessorem
703 2628 860 2684 nostrum
874 2620 1071 2703 implicatus
1088 2636 1164 2684 esse
1182 2619 1347 2695 noscitur,

399 2718 572 2793 liberato;
597 2739 660 2782 nec
675 2720 778 2784 etiam
799 2719 1016 2803 processibus
1035 2719 1193 2801 saepefati
1215 2717 1347 2800 praede-

399 2819 557 2896 cessoris,
567 2839 629 2901 per
644 2837 743 2901 quos,
754 2827 794 2882 ut
806 2819 1040 2901 praemittitur,
1053 2819 1219 2882 adversus
1230 2835 1347 2880 omnes

400 2923 434 2980 et
449 2917 605 2999 singulos
624 2918 862 3002 cujuscunque
881 2918 1138 2999 praeminentia,
1155 2916 1346 2997 dignitatis,

399 3017 618 3094 conditionis,
634 3018 688 3082 vel
711 3024 838 3093 status,
856 3017 992 3082 etiamsi
1010 3016 1212 3098 pontificali,
1227 3014 1347 3095 regali,
1401 3093 1405 3104 Ι

401 3114 454 3179 vel
487 3136 692 3199 quacunque
725 3117 796 3182 alia
826 3117 1060 3180 ecclesiastica
1088 3135 1149 3180 seu
1174 3114 1347 3179 mundana

399 3214 566 3297 dignitate
580 3216 760 3298 fulgerent,
774 3215 919 3298 praefato
936 3215 1114 3279 Ludovico
1132 3214 1347 3279 adhaerentes

398 3333 460 3377 seu
484 3323 689 3397 praestantes
712 3316 840 3380 directe
860 3314 916 3379 vel
938 3315 1114 3392 indirecte,
1138 3313 1276 3396 publice
1292 3313 1346 3376 vel

397 3414 544 3492 occulte,
576 3415 767 3491 consilium,
802 3414 984 3490 auxilium,
1012 3413 1068 3479 uel
1095 3413 1260 3488 favorem,
1291 3410 1346 3476 vel

398 3513 476 3588 sibi,
497 3522 662 3594 tanquam
688 3515 886 3596 imperatori
911 3522 974 3578 aut
995 3513 1069 3593 regi
1096 3511 1346 3589 Romanorum,

399 3613 625 3675 reverentiam
648 3612 862 3690 exhibentes,
888 3632 950 3676 seu
978 3613 1119 3676 titulum
1139 3611 1267 3693 regalis
1292 3611 1346 3674 vel

398 3709 586 3791 imperialis
616 3712 763 3775 nominis
793 3713 1012 3793 assignantes
1035 3731 1097 3776 scu
1125 3711 1346 3786 ascribentes,

398 3827 536 3888 graves,
552 3810 751 3892 spirituales
773 3831 814 3874 ac
837 3810 1043 3894 temporales
1069 3829 1182 3892 poenae
1206 3829 1247 3873 ac
1268 3827 1346 3872 sen·

398 3912 516 3974 tentiae
531 3909 744 3991 infliguntur,
757 3929 976 3994 nequaquam
990 3910 1169 3986 relaxatis,
1180 3909 1284 3972 immo
1293 3908 1347 3972 sni

398 4011 531 4073 roboris
561 4009 713 4074 efficacia
742 4011 1019 4092 perdurantibus,
1050 4008 1346 4090 participationes,

398 4110 708 4175 confoederationes
720 4117 730 4146 ‘
740 4108 993 4191 inire’¹sibique
1005 4108 1193 4185 adhaererc,
1205 4127 1246 4171 ac
1258 4125 1346 4190 prae-

422 4259 428 4289 ¹
440 4259 1225 4328 ‘jure‚'MSS.Coll.Magd.‚Cott.NeroD.ii.,andGnILTrin.
1233 4261 1264 4310 lt
1276 4263 1346 4323 5,1o.
