3178 4992
421 470 593 518 wrarnnr
617 471 664 517 nn
687 469 969 520 anurnanuncn.
1104 457 1169 521 lta

217 625 325 691 nihilo
364 627 586 708 reputabant.
653 627 701 690 Et
737 645 815 691 cnm
853 636 947 693 esset
984 627 1168 694 Scotorum
1194 643 1286 683 mma
1295 641 1315 682 1·

217 726 433 808 propositum
468 731 507 788 ut
531 727 567 788 in
594 727 798 807 episcopatu
822 727 1053 792 Dunolrnensi
1076 691 1326 816 aciesffl

217 825 416 907 dirigerent,
434 823 613 905 impedivit
630 843 690 888 eos
714 825 811 889 Deus
833 832 868 890 et
885 826 1056 907 gloriosus
1079 826 1168 909 ejus·
1181 825 1288 866 ΝΜ·

217 923 294 986 dem
312 923 380 986 loci
402 929 569 1004 patronus
598 929 741 987 sanctus
765 923 986 990 cuthbertus.
1040 925 1168 1006 Super-

217 1023 312 1086 venit
325 1023 419 1086 enim
435 1027 624 1103 tempestas
645 1021 799 1086 maxima
817 1024 1007 1104 grandinis,
1023 1023 1116 1087 nivis
1132 1030 1168 1086 et

217 1121 317 1184 fortis
351 1119 433 1202 gelu
467 1119 559 1183 infra
591 1119 728 1184 easdem
762 1128 907 1186 octavas
941 1121 1035 1185 beati
1070 1121 1167 1184 Mar·

217 1219 292 1295 tini,
318 1219 369 1282 ita
391 1218 488 1302 quod
517 1218 698 1282 Scotorum
729 1220 829 1283 multi
860 1219 951 1284 fame
981 1227 1016 1282 et
1040 1219 1168 1301 frigore

216 1319 403 1399 perierunt.
455 1316 706 1398 Exploratores
723 1319 828 1382 etiam
846 1337 964 1382 eornm
978 1317 1168 1394 venientes,

217 1415 533 1480 dicebanteundem
556 1416 795 1498 episcopatum
817 1417 921 1480 armis
934 1423 1167 1498 praeparatum

216 1522 252 1579 et
266 1516 352 1578 bene
369 1515 538 1578 munitum
561 1515 729 1578 immenso
751 1515 892 1597 populo,
909 1522 944 1577 et
960 1520 1076 1578 tamen
1098 1533 1168 1580 non

217 1621 316 1677 erant
338 1622 476 1678 centum
498 1614 623 1676 armati
648 1619 683 1676 et
706 1613 763 1676 vix
794 1631 848 1677 111.
877 1613 986 1679 millia
1011 1612 1167 1694 peditum

217 1712 414 1776 electorum.
467 1710 538 1789 Qui
566 1711 648 1776 licet
676 1711 786 1775 multo
813 1711 951 1792 ‘plures
979 1711 1096 1776 ante'¹
1121 1713 1167 1776 ad

216 1811 444 1876 resistendum
457 1809 495 1873 in
512 1810 659 1873 confinio
682 1817 893 1887 manserant,
908 1810 1028 1876 eodem
1051 1813 1166 1874 tamen

217 1917 372 1992 tempore
403 1909 577 1992 perterriti
608 1909 652 1972 ad
683 1909 825 1990 propria
852 1908 1026 1989 fugerunt.
1099 1908 1167 1974 Sed

216 2009 397 2074 deficiente
428 2007 561 2091 populo
590 2025 660 2071 non
694 2004 871 2072 ‘defuit’⁹
903 2006 1074 2087 gloriosus
1108 2007 1167 2071 ille

218 2106 442 2184 cuthbertus,
458 2106 554 2189 quin,
568 2113 609 2170 ut
626 2107 682 2188 pie
704 2106 869 2182 creditur,
883 2106 1066 2170 Scotorum
1086 2125 1167 2186 pro-

216 2207 368 2288 positum
402 2207 475 2270 suis
512 2205 642 2270 sanctis
676 2205 836 2287 precibus
866 2211 1069 2288 quassatum
1102 2212 1165 2268 est.

218 2305 447 2370 Revertentes
474 2323 558 2385 ergo
581 2304 680 2369 wScoti
705 2324 727 2368 a
754 2304 849 2368 caede
872 2303 1040 2386 praedicta
1061 2323 1166 2367 vene·

216 2411 296 2468 runt
310 2403 407 2468 ‘ad'³
423 2402 671 2478 Hexcelsiram‚
683 2403 743 2468 ubi
756 2409 827 2468 tres
840 2402 996 2468 canonici
1011 2402 1164 2487 ejusdem
1179 2423 1282 2482 neum

217 2504 339 2568 domus
373 2503 433 2585 qui
466 2501 572 2584 paule
603 2508 685 2566 ente
713 2502 899 2578 redierant,
925 2507 1071 2566 mortem
1095 2483 1277 2572 nonidiie

217 2604 389 2679 timentes,
435 2621 515 2666 cum
548 2601 717 2666 vidissent
750 2601 943 2666 venientem
975 2601 1165 2666 exercitum

216 2700 379 2781 fugerunt
395 2700 432 2764 in
453 2701 642 2764 oratorium
664 2719 764 2765 sunm
790 2700 882 2782 qnod
909 2699 951 2764 de
974 2719 1066 2764 novo
1088 2719 1166 2765 con·

217 2805 428 2876 struxerant,
455 2807 495 2862 ut
515 2799 546 2862 si
565 2800 616 2863 sic
640 2807 731 2864 esset
747 2799 865 2862 divina
882 2799 1043 2865 voluntas
1060 2799 1167 2862 sacri-

216 2897 331 2962 ficium
347 2898 414 2962 sibi
429 2897 552 2961 tierent
566 2897 603 2960 in
618 2898 759 2963 odorem
774 2896 969 2961 suavitatis.
1008 2896 1166 2978 Moxque

215 2997 364 3077 ingressi
383 2996 526 3060 suntad
554 3014 613 3060 eos
636 2995 702 3059 viri
728 2995 893 3060 lancearii
915 2994 1092 3056 vibrantes
1117 2995 1166 3061 eis
1193 3013 1195 3020 ·

215 3094 355 3158 lanceas
383 3100 418 3157 et
443 3094 605 3169 dicentes,
628 3092 840 3156 “Ostendite
865 3091 963 3156 nobis
986 3091 1166 3178 thesauros

216 3193 373 3256 ecclesiae
390 3198 526 3269 vestrae,
550 3191 606 3254 vei
632 3191 812 3255 confestim
836 3188 1058 3253 moriemini.''
1108 3187 1166 3252 Ad

215 3292 291 3356 haec
306 3309 397 3354 unus
421 3290 464 3352 de
486 3289 673 3366 canonicis,
690 3295 713 3324 “
725 3287 841 3364 Non,”
864 3287 988 3369 inquit,
1003 3293 1026 3322 “
1036 3286 1095 3349 diu
1113 3296 1167 3352 est

217 3391 308 3472 quod
334 3409 397 3454 vos
423 3395 459 3452 et
477 3387 627 3470 populus
642 3394 758 3452 vester
780 3387 895 3450 omnia
919 3385 1019 3468 quasi
1045 3393 1168 3450 nostra

217 3489 423 3571 asportastis
442 3489 477 3550 in
504 3493 632 3550 terram
651 3493 814 3561 vestram,
831 3485 941 3550 stubi
963 3485 1166 3566 repostdstis

217 3595 258 3652 'ea
285 3587 395 3665 scitis,
424 3604 491 3650 nos
517 3604 600 3650 vero
625 3592 759 3651 'extunc
790 3601 904 3666 peuce
932 3583 1166 3665 quesivimus,

216 3687 307 3750 sicat
318 3686 393 3770 jam
408 3685 442 3749 in
455 3684 619 3766 praesenti
633 3683 793 3748 videtis.''
839 3682 986 3748 Interim
1000 3701 1082 3746 veno
1094 3683 1167 3746 dux

216 3795 334 3849 eortrrn
357 3785 536 3864 ingressus
560 3789 626 3859 ert,
644 3782 777 3848 scilicet
793 3780 991 3847 Willelmns
1006 3780 1167 3863 Waluys,

215 3890 252 3948 et
269 3883 550 3947 comminabatur
568 3881 645 3946 suis
670 3887 710 3946 ut
727 3879 937 3956 recederent,
959 3879 1168 3960 rogavitque

217 3989 401 4046 uteorum
427 3979 554 4062 aliquis
584 3979 726 4043 missam
754 3978 957 4053 celebraret,
985 3984 1022 4040 et
1048 3976 1168 4040 statim

252 4133 260 4166 ι
277 4133 413 4194 ‘mntem'
425 4131 483 4180 MS.
495 4131 591 4181 Lansd.
742 4121 869 4188 '‘apud,’
881 4123 1032 4175 mascel.
1040 4123 1171 4174 Anum

180 4231 183 4238 ν
252 4203 262 4234 ²
278 4203 407 4266 ‘deiecit’
419 4201 476 4251 MS.
488 4199 583 4249 Lausd.
708 4197 777 4246 Coti·
787 4197 845 4246 Tib·
