3178 4992
411 481 476 543 14⁰
597 531 601 536 .
776 495 987 546 cnaorucou

260 668 352 707 Edwd
361 669 380 707 1·
411 659 693 734 vocaveruntque
713 671 791 715 eum
813 673 882 718 non
902 653 1155 717 thesaurarium
1176 653 1236 716 sed
1255 661 1360 736 'tray-

242 718 391 840 ᾖ
411 753 580 816 turarium
609 752 712 833 regia,
734 760 770 816 et
787 753 904 815 verius
931 752 996 817 hoc
1021 771 1126 833 quam
1149 752 1357 831 credebaut3

248 850 343 899 &liw-
410 851 540 914 multos
568 851 660 914 enim
691 851 831 915 seduxit
861 853 896 914 in
926 852 981 914 die
1012 850 1089 928 hac,
1119 851 1180 913 sed
1211 858 1248 914 et
1282 852 1357 933 ipse

411 950 577 1015 seductus
603 957 656 1012 est
684 948 744 1030 qui
771 956 846 1012 erat
871 949 959 1013 lavis
986 955 1021 1012 et
1051 949 1218 1026 lubricus,
1244 950 1357 1014 elatus

410 1047 574 1128 superbia
603 1054 639 1110 et
669 1047 827 1111 avaritiae
851 1047 1008 1113 deditus.
1060 1047 1104 1110 In
1133 1049 1245 1128 primo
1274 1069 1356 1112 con·

409 1165 532 1226 gressu
548 1152 743 1209 nostrorum
761 1163 839 1208 cum
862 1146 987 1223 Sectis,
1004 1146 1215 1210 senescallus
1230 1147 1357 1212 Scotiae
1576 1067 1582 1426 Ι

409 1251 445 1312 et
459 1263 575 1308 comes
591 1244 633 1307 de
649 1243 827 1320 Levenax,
839 1245 900 1326 qui
914 1245 1011 1326 prius
1025 1244 1169 1325 pacifice
1180 1254 1356 1325 venerant,

410 1362 489 1405 cum
505 1343 672 1406 vidissent
698 1351 836 1405 nostros
855 1344 1025 1407 corruisse
1046 1342 1228 1406 confestim
1247 1363 1357 1408 reces-

410 1449 531 1504 serunt
561 1442 605 1504 ad
636 1460 718 1504 suos
747 1441 808 1522 qui
837 1442 873 1504 in
897 1441 1004 1510 silvis
1034 1441 1223 1506 latitabant
1248 1442 1356 1526 juxta

411 1537 611 1621 ‘polles;’²
641 1540 713 1621 qui:
732 1539 889 1602 nefandae
915 1540 965 1602 rei
995 1539 1152 1603 videntes
1182 1549 1355 1618 eventum,

410 1638 541 1719 egressi
556 1644 638 1701 sunt
657 1638 795 1701 obviam
813 1639 951 1714 nostris,
966 1643 1002 1700 et
1023 1638 1153 1701 multos
1170 1640 1357 1720 particula·

410 1737 495 1800 riter
511 1736 683 1816 fugientes
695 1744 914 1817 peremerunt
924 1737 1050 1800 ibidem
1065 1743 1074 1771 ‘
1087 1735 1167 1810 ad’2
1184 1738 1353 1819 ‘polles,’¹

410 1842 630 1917 asportantes
653 1835 766 1916 spolia
791 1835 903 1899 multa
926 1842 962 1898 et
991 1836 1181 1916 quadrigas
1210 1846 1355 1902 onustas

409 1933 638 2006 abducentes;
675 1952 745 1996 non
777 1933 868 1996 enim
901 1940 1063 2015 poterant
1088 1934 1268 2016 quadrigae
1299 1937 1355 2000 vel

409 2032 621 2096 summariia
637 2032 850 2112 fugientibus
865 2032 990 2096 abduci
1000 2033 1043 2095 de
1058 2032 1150 2097 facili
1161 2033 1197 2096 iu
1211 2033 1355 2098 lacubus

398 2137 445 2194 ,et
470 2130 636 2194 mariscis.
699 2129 823 2195 Comes
848 2149 930 2194 vero
956 2140 1074 2194 noster
1101 2131 1189 2195 citra
1214 2140 1356 2213 pontem

409 2248 545 2312 semper
557 2230 724 2305 existente,
734 2247 874 2292 reverso
886 2229 1025 2293 domino
1038 2229 1264 2294 Marmeduco
1277 2251 1356 2294 cum

410 2329 495 2405 suis,
510 2327 675 2410 praecepit
692 2334 831 2408 pontem
849 2327 962 2408 frangi
977 2336 1012 2391 et
1027 2329 1193 2405 comburi,
1212 2336 1247 2392 et
1261 2349 1355 2394 com·

409 2427 516 2490 missa
530 2425 688 2489 custodia
705 2424 859 2507 ejusdem
874 2427 980 2490 castri
997 2426 1040 2489 de
1063 2426 1250 2510 Stryvelyn
1269 2447 1356 2509 praa-

409 2523 501 2588 dicto
527 2524 666 2587 domino
692 2524 929 2600 Marmeduco,
961 2525 1119 2606 promisit
1144 2527 1176 2589 ei
1207 2525 1354 2590 fideliter

409 2622 494 2686 data
524 2622 591 2685 fide
614 2622 707 2703 quod
728 2621 821 2685 infra
843 2623 972 2704 primas
997 2620 1115 2687 decem
1145 2625 1355 2689 ebdomadas

411 2721 543 2784 veniret
561 2721 598 2784 in
620 2720 696 2804 ejus
719 2721 889 2785 auxilium
912 2741 991 2785 cum
1020 2741 1126 2786 manu
1151 2722 1255 2802 forti3
1284 2743 1354 2788 non

409 2826 525 2882 tamen
540 2819 743 2900 adimplevit
758 2819 851 2900 quod
867 2821 1036 2901 promisit.
1077 2819 1284 2902 Oblitusque
1299 2843 1354 2886 se·

409 2919 560 2981 nectutis
586 2937 659 2982 suae
685 2918 862 3000 profectus
888 2927 942 2982 est
963 2918 1057 2999 ap'ud
1081 2918 1251 3003 Berevvyk
1276 2939 1354 2984 cum

408 3017 630 3080 festinatione
659 3022 759 3080 tanta
786 3016 878 3098 quod
910 3016 1108 3080 dextrarius
1133 3018 1169 3080 in
1199 3038 1268 3099 quo
1298 3038 1353 3082 se·

409 3115 509 3179 derat
526 3117 562 3178 iu
584 3115 721 3180 stabulo
744 3115 890 3180 fratrum
917 3115 1092 3180 Minorum
1115 3117 1250 3198 positus
1273 3136 1356 3182 nus-

408 3233 513 3295 quam
543 3214 709 3295 pabulum
734 3214 903 3295 gustavit.
954 3214 1089 3278 Deinde
1115 3218 1284 3297 processit
1311 3218 1354 3281 ad

408 3312 517 3376 filium
540 3313 633 3394 regis
656 3314 693 3376 in
718 3321 835 3394 partes
861 3312 1045 3389 australes,
1071 3319 1107 3376 et
1131 3314 1271 3396 reliquit
1292 3335 1354 3396 pa-

409 3412 512 3474 triam
543 3411 694 3491 penitus
708 3410 911 3475 desolatam.
965 3412 1076 3475 Facta
1104 3411 1171 3477 fuit
1200 3414 1356 3479 confusio

246 3522 386 3570 vanam,
408 3508 483 3571 lraec
506 3525 561 3572 ιιι.
591 3508 669 3571 idus
691 3508 916 3590 Septembris,
946 3510 1080 3574 scilicet
1107 3511 1193 3574 feria
1218 3521 1357 3594 quarta,

245 3573 304 3622 '⁸⁹⁸'
315 3574 347 3612 ¹¹'
408 3625 499 3670 anno
516 3607 639 3687 gratiae
655 3606 866 3688 supradicto.

441 3883 608 3950 'sianss
876 3879 882 3955 Ι
932 3884 1304 3955 ’‘juxa’Macoavap.
