3166 4992
264 785 355 826 lldvmd
365 785 384 830 l.

249 837 276 875 A.
286 837 313 876 1).
322 838 380 876 1³⁰8.

411 497 477 564 228
783 515 994 565 canonicos

437 767 487 836 De
505 769 604 836 Gestis
621 769 787 855 Bontsmb·
802 769 935 954 m
951 771 1138 856 ecquomodo
1160 769 1329 835 Thesauros

894 869 901 884 ’
929 869 959 935 l.

466 1067 569 1133 Anno
586 1067 727 1134 Domini
750 1065 1013 1133 u.cccr11.obiit
1034 1085 1127 1148 papa
1150 1064 1362 1142 Bonifaeins,

301 1207 306 1218 ·
336 1140 381 1170 Μ’
416 1165 487 1249 qui,
501 1165 592 1232 inter
606 1174 734 1232 caetera
746 1168 836 1231 bona
848 1165 925 1250 ejus
942 1185 1049 1248 opera
1063 1184 1143 1247 quae
1159 1164 1254 1241 fecit,
1269 1164 1358 1228 ordi·

415 1266 513 1330 navit
527 1274 563 1331 et
577 1265 659 1331 fecit
671 1265 818 1330 Sextum
832 1263 973 1328 Librum
986 1264 1233 1329 Decretalium.
1258 1262 1360 1326 Ordi-

417 1365 516 1429 navit
544 1365 649 1428 etiam
687 1365 781 1448 qnod
813 1383 931 1428 omnes
963 1371 1094 1428 sanctae
1125 1361 1292 1426 moniales
1323 1362 1360 1426 in

415 1464 575 1548 domibus
594 1465 667 1528 suis
688 1463 948 1528 recluderentur
964 1482 1026 1545 per
1050 1462 1204 1526 locorum
1233 1461 1361 1526 dioece-

417 1581 534 1639 sunos,
549 1561 600 1628 ita
608 1561 701 1645 quod
718 1570 922 1645 certasepta
937 1581 958 1626 a
973 1561 1046 1625 suis
1059 1561 1276 1628 monasteriis
1291 1579 1361 1625 non

416 1659 634 1727 excederent.
681 1661 912 1744 Disposuerat
936 1662 1040 1726 etiam
1066 1660 1244 1724 ordinasse
1273 1659 1362 1724 duas

419 1768 553 1826 tantum
566 1760 704 1844 regulas
713 1779 969 1843 permansuras,
979 1760 1072 1824 beati
1081 1759 1214 1823 scilicet
1222 1756 1363 1839 Augus-

418 1861 481 1924 tini
498 1868 536 1924 ot
556 1859 669 1924 sancti
690 1857 882 1937 Benedicti,
897 1866 932 1924 et
955 1877 1074 1925 omnes
1097 1857 1235 1923 ordines
1257 1857 1362 1921 etiam

417 1959 564 2025 fratrum
583 1957 856 2024 Praedicatorum
877 1967 912 2022 et
929 1958 1101 2022 Minorum
1119 1957 1162 2022 ad
1178 1957 1257 2020 illos
1276 1955 1363 2021 duos

417 2058 557 2123 ordines
571 2057 764 2135 reduxisse,
778 2058 1043 2124 abominabatur
1058 2056 1149 2122 enim
1161 2062 1214 2121 tot
1225 2055 1362 2122 ordines

417 2177 494 2224 esse
512 2155 765 2242 mendicantes,

627 2379 760 2443 Fratres
767 2379 926 2463 potiorum
940 2378 1152 2442 Poscemionos.

468 2548 600 2614 Verum
616 2548 912 2615 Praedicatoreset
924 2549 1091 2628 Minores,
1102 2551 1169 2614 sibi
1181 2550 1363 2634 providere

418 2648 576 2712 volentes
606 2648 642 2712 in
679 2648 845 2726 futurum,
872 2649 1050 2714 instabant
1087 2647 1180 2731 apud
1218 2648 1363 2714 eundem

421 2766 547 2830 papam
563 2747 763 2812 multotiens
784 2756 819 2812 et
850 2768 928 2812 cum
949 2748 1128 2824 instantia,
1143 2756 1179 2813 et
1198 2748 1364 2830 promise-

420 2854 501 2911 runt
521 2865 558 2910 se
581 2846 663 2912 darc
687 2867 759 2930 prae
779 2847 938 2912 manibus
963 2848 1074 2912 multa
1093 2846 1202 2912 millia
1227 2848 1302 2912 euri
1327 2857 1361 2913 et

421 2945 557 3028 argenti
586 2946 730 3030 copiosi,
763 2946 793 3010 si
828 2947 1028 3029 permittere
1060 2945 1166 3010 vellet
1202 2965 1296 3030 papa
1326 2955 1362 3012 ct

420 3045 617 3128 specialiter
631 3046 832 3130 dispensare
845 3065 924 3109 eum
942 3044 1004 3122 eis,
1021 3045 1113 3128 quod
1129 3045 1365 3128 possessiones

421 3155 456 3209 et
473 3143 628 3209 redditus
642 3153 772 3210 extunc
788 3151 931 3228 possent
951 3142 1131 3208 admittere
1153 3145 1196 3208 de
1221 3143 1312 3208 dono
1330 3153 1365 3210 et

420 3242 584 3325 largitate
607 3245 762 3310 conferre
779 3243 980 3320 volentium,
1002 3243 1194 3326 exquibus
1221 3244 1365 3309 honeste

421 3343 538 3407 vivere
564 3351 718 3425 possent,
744 3350 779 3407 et
805 3343 855 3407 sic
882 3361 950 3406 non
974 3349 1151 3424 oporteret
1173 3341 1215 3407 de
1238 3350 1364 3408 caetero
1451 3413 1454 3418 ,

422 3460 499 3504 cum
536 3442 661 3504 rubore
699 3441 905 3506 mendicare.
974 3441 1217 3506 Dissimulavit
1248 3448 1364 3506 autem

422 3558 515 3620 papa
530 3558 637 3620 usque
653 3540 697 3603 ad
711 3547 861 3622 tempus,
871 3547 907 3604 et
923 3541 1061 3604 tandem
1079 3541 1254 3605 excitatus
1268 3560 1365 3622 quae·

422 3637 505 3702 sivit
519 3637 564 3701 ab
584 3636 645 3714 eis,
661 3646 776 3703 utrum
803 3644 913 3702 totam
936 3639 1116 3724 pecuniam
1139 3639 1306 3706 haberent
1330 3639 1366 3705 in

326 3811 329 3818 Δ
422 3736 518 3802 curia
550 3739 737 3818 parataml
803 3736 850 3802 Et
879 3737 1143 3818 responderunt,
1177 3735 1270 3821 quod
1300 3738 1365 3804 sic.

422 3833 468 3904 Et
478 3854 583 3920 papa,
595 3840 617 3870 ‘⁸
627 3835 669 3900 In
681 3855 828 3920 quorum
838 3835 997 3902 munibus
1009 3837 1170 3901 consistit
1178 3833 1366 3920 pecuniat'

422 3934 469 3999 Et
489 3934 750 4019 responderunt,
772 3941 796 3970 “
811 3935 854 4002 ln
870 3935 1029 4001 manibus
1052 3934 1174 4000 talium
1195 3943 1367 4002 mercato·

421 4036 536 4112 rum,”
569 4042 604 4100 et
634 4036 900 4100 nominaverunt
931 4053 1011 4109 eos3
1043 4035 1232 4118 statimque
1260 4035 1368 4118 jussit

421 4135 538 4198 vocari
561 4142 768 4199 mercatores
794 4133 1037 4216 inpraesentia
1058 4133 1217 4210 fratrum,
1233 4139 1268 4197 et
1289 4133 1368 4198 illos

421 4240 606 4316 expectare
622 4233 716 4299 fecit.
769 4232 932 4314 Quicum
947 4233 1123 4298 venissent
1134 4252 1248 4297 coram
1264 4253 1368 4319 papa,
