3166 4992
419 517 590 565 wnnrnnr
616 518 663 564 nn
686 517 971 566 nnumcnuncn.
1101 505 1167 568 195

215 688 307 752 sedis
323 692 364 753 ac
382 700 501 755 nostra
523 693 728 770 reverentia,
744 693 883 756 sublato
901 690 1114 757 difficultatis
1129 702 1165 759 et
1186 709 1318 800 ,ffiffl‘ff

214 787 390 854 dilationis
406 791 557 874 objectu,
572 793 719 873 benigne
734 793 871 856 restitui
886 793 994 856 facias
1008 793 1164 875 pristinae
1176 786 1289 892 Τὴζῑζομ
1314 787 1319 799 ’

215 887 379 966 libertati,
410 890 590 972 dictosque
622 890 786 956 officiales
818 893 861 955 de
892 911 1000 974 regno
1035 892 1162 958 Scotiae
1174 893 1328 991 fflfflffossf

216 1007 357 1052 revoces
382 999 584 1054 memorato.
637 991 695 1054 Sic
721 998 756 1054 te
781 993 817 1054 in
843 990 922 1068 hiis,
951 999 1056 1073 prout
1082 993 1303 1082 spe-fflfflpfll

215 1107 332 1151 ramus
346 1097 381 1153 et
399 1091 569 1172 cupimus,
586 1091 756 1172 promptis
774 1098 809 1154 et
826 1089 1022 1155 efficacibus
1037 1091 1161 1155 studiis
1174 1091 1327 1183 Qimll

215 1185 409 1265 habiturus,
425 1199 464 1252 ut
480 1189 573 1271 apud
588 1188 765 1253 coelestem
781 1190 916 1271 Regem
933 1209 996 1273 pro
1011 1190 1162 1255 minimis

214 1287 361 1367 grandia
399 1289 655 1370 rependentem,
692 1309 761 1352 non
798 1287 969 1353 immerito
1007 1290 1162 1355 reddaris

216 1387 393 1469 acceptior
414 1385 609 1468 ‘gratior,’¹
632 1386 803 1465 habearis,
831 1395 877 1467 et,
900 1395 1028 1471 praeter
1049 1388 1162 1452 landis

214 1485 376 1550 humanae
391 1488 601 1570 praeconium
614 1486 676 1551 tibi
691 1489 834 1571 proinde
850 1486 1162 1570 ‘proventurum,'¹

214 1587 416 1667 apostolicae
431 1588 522 1650 sedis
547 1587 702 1651 favorem
726 1595 761 1652 et
777 1588 925 1669 gratiam
943 1588 1056 1670 possis
1078 1590 1161 1652 ube·

214 1686 288 1749 rins
302 1687 500 1768 promereri.
552 1686 590 1750 Si
606 1705 688 1751 vero
703 1688 740 1750 in
758 1688 878 1751 eodem
895 1706 1004 1768 regno
1022 1687 1160 1764 Scotiae,

215 1784 272 1850 vel
287 1785 404 1868 aliqua
428 1785 504 1869 ejus
527 1792 639 1867 parte,
650 1785 710 1867 jus
734 1785 875 1868 aliquod
897 1786 1024 1851 habere
1045 1793 1081 1850 te
1105 1805 1160 1850 as·

215 1885 313 1962 seriS,
347 1885 506 1950 volumus
545 1882 695 1968 ‘qnod'³
726 1892 807 1949 tuos
844 1892 1087 1967 procuratores
1126 1893 1162 1949 et

216 1984 361 2048 nuncios
374 1985 419 2049 ad
432 1985 498 2050 hoc
513 1984 711 2067 specialiter
724 1986 945 2061 constitutos
956 2004 1033 2048 cum
1049 1985 1160 2048 omni·

215 2086 279 2146 bus
291 2084 429 2168 juribus
450 2093 485 2150 et
506 2084 727 2148 munimentis
747 2085 817 2148 tuis
837 2083 1035 2167 hujusmodi
1056 2101 1161 2164 nego-

216 2184 302 2247 tium
328 2185 621 2266 contingentibus,
646 2183 736 2247 infra
759 2201 822 2247 sex
849 2202 984 2246 menses
1001 2198 1022 2246 a
1041 2202 1160 2266 recep-

215 2283 310 2346 tione
332 2285 553 2365 praescntium
571 2283 814 2359 numerandos
839 2283 883 2346 ad
901 2291 1054 2346 nostram
1070 2303 1159 2364 prae-

215 2383 363 2447 sentiam
379 2385 516 2448 mittere
534 2402 602 2447 non
620 2383 760 2446 omittas
772 2409 793 2456 ;·
810 2401 887 2448 cum
908 2383 1023 2464 parati
1040 2398 1159 2446 sumus

216 2481 290 2559 tibi,
306 2490 473 2568 tanquam
490 2483 616 2547 dilecto
636 2481 717 2560 filio,
733 2482 835 2564 plene
852 2500 957 2564 super
972 2482 1160 2564 praemissis

216 2582 378 2646 exhibere
395 2582 545 2666 justitiae
567 2582 866 2663 complementum,
883 2589 918 2645 et
939 2581 1022 2665 jura
1035 2583 1067 2644 si
1089 2601 1160 2664 qua

215 2680 322 2747 habes
338 2682 585 2747 inviolabiliter
600 2683 796 2746 observare.
842 2681 920 2744 Nos
933 2679 1024 2745 enim
1039 2679 1164 2745 nihilo-

215 2782 330 2846 minus
352 2801 396 2846 ex
425 2802 517 2845 nunc
541 2781 633 2857 lites,
657 2778 924 2862 ‘quaestiones'⁴
958 2788 994 2844 et
1024 2790 1162 2845 contro·

215 2882 348 2944 versiae
380 2881 555 2963 quaslibet
593 2881 683 2943 inter
714 2885 749 2942 te
784 2880 983 2960 dictumque
1016 2897 1160 2958 regnum

216 2978 344 3043 Scotiae
383 2999 424 3044 ac
454 2979 631 3062 praelatos,
662 2977 841 3053 ‘clericos
879 2993 921 3041 ac
954 2996 1121 3058 personas
1135 2971 1162 3010 '⁵

215 3079 390 3144 seculares
432 3077 588 3162 ejusdem
625 3078 799 3152 subortas,
833 3082 869 3138 et
899 3093 978 3157 quae
1017 3082 1162 3157 possunt

214 3176 249 3242 in
280 3184 458 3260 posterum
490 3193 535 3240 ex
565 3175 745 3258 quibusvis
775 3164 949 3238 ‘causis’⁶
975 3162 1161 3256 praeteritis

215 3277 357 3353 exoriri,
392 3284 572 3358 totumque
611 3269 789 3356 negotium
823 3271 991 3355 praedicta
1026 3275 1161 3336 contin·

215 3395 314 3458 gens,
349 3384 411 3440 aut
445 3375 585 3458 aliquod
618 3373 819 3450 eorundem,
851 3371 895 3436 ad
926 3371 1160 3454 cognitionem

215 3484 251 3540 et
280 3477 601 3542 determinationem
631 3475 722 3538 sedis
751 3472 907 3557 ejusdem
938 3471 1161 3555 praesentium

214 3582 333 3641 tenore
344 3577 541 3642 reducimus
555 3582 591 3639 et
604 3574 710 3638 etiam
724 3570 999 3638 ‘reservamus.'⁷
1033 3573 1163 3637 Decer-

214 3684 334 3740 nentes
350 3676 485 3740 irritum
500 3683 535 3740 et
549 3675 653 3738 inane
670 3673 700 3737 si
715 3691 815 3737 secus
831 3670 980 3738 scienter
990 3671 1046 3736 vel
1062 3672 1161 3754 igno-

252 3988 446 4053 '‘gratiosior,'
456 3989 533 4039 MSS.
736 3983 805 4034 ⁵‘et
835 3985 941 4034 clericos
972 3990 999 4034 et
1025 3986 1166 4049 personas,'

249 4086 261 4116 ’
276 4082 488 4148 ‘Pwleciumm”
501 4083 557 4132 Ms'
570 4081 664 4134 Μή
703 4054 813 4172 Μξεῖνε
825 4137 857 4171 ex
868 4123 973 4183 causis,’
985 4123 1061 4174 MSS.

249 4178 260 4210 ³
276 4179 356 4242 ‘We'
366 4178 443 4228 MSS·
738 4189 748 4220 ⁷
765 4192 962 4254 ‘observamus,'
980 4192 1055 4244 MSS.
1069 4193 1164 4246 Lansd.

249 4264 259 4293 ⁴
276 4264 419 4328 ‘rationes,'
430 4263 507 4314 MSS.
704 4262 753 4310 and
766 4262 833 4312 Cott.
845 4262 925 4323 Vesp.

940 4361 989 4406 02
