3126 4986
234 621 325 664 Edward
335 623 346 662 Ι

230 673 256 711 Δ.
265 673 292 712 Ι)
304 674 362 712 1296.

222 755 287 794 Wari

221 806 328 856 Garcony.

221 1108 292 1148 Desth
301 1108 325 1148 ol

223 1159 299 1198 Princo

222 1209 331 1248 edmund.

387 436 432 499 74
597 489 600 494 .
757 423 982 502 onuourcos·

386 601 537 666 mundus
564 601 727 666 multos
712 620 788 684 Jam
813 601 1058 683 stipendiarios
1076 612 1344 679 convocaverat,

385 710 421 764 et
447 702 576 766 multos
594 701 777 766 thesauros
794 701 1019 779 exhauserat,
1042 702 1140 765 velut
1167 703 1269 766 homo
1292 701 1341 765 ia-

385 807 484 864 cetus
507 811 544 864 et
569 800 799 881 largissimus,
817 820 893 864 cum
918 800 993 883 jam
1019 809 1154 865 tantam
1181 802 1340 866 militiam

385 899 532 966 retinere
557 918 626 964 uon
652 908 783 981 posset,
810 919 851 963 eo
882 899 975 981 quod
1004 919 1074 963 non
1103 901 1248 966 haberet
1277 902 1341 966 sti·

385 998 524 1081 pendia,
540 998 668 1066 decidit
683 999 801 1064 vultus
821 998 898 1081 ejus
916 1005 951 1063 et
968 999 1163 1065 infirmatus
1178 1009 1233 1063 est
1247 1001 1340 1064 circe

386 1097 633 1174 Pentecosten,
659 1105 693 1172 et
714 1099 766 1165 sio
787 1097 969 1164 deficiente
990 1099 1139 1180 pecunia
1155 1098 1283 1164 deiecit
1305 1109 1340 1164 et

385 1197 540 1278 spiritus,
556 1205 592 1260 et
607 1204 688 1280 post
699 1197 772 1264 dies
787 1215 916 1279 paucos
932 1197 1023 1266 viam
1041 1199 1212 1264 universae
1224 1199 1340 1264 carnis

384 1295 563 1376 ingressus
599 1302 653 1360 est
666 1294 693 1374 3¹
729 1296 965 1378 praecepitqne
992 1298 1120 1361 nostris
1152 1307 1193 1364 ut
1219 1317 1340 1381 aspor-

384 1400 501 1458 tarent
528 1414 605 1460 enm
639 1414 769 1472 secum,
803 1414 867 1460 nec
900 1395 1130 1477 sepelirentur
1162 1416 1243 1462 ossa
1274 1417 1339 1461 sua

385 1494 454 1558 nisi
474 1512 553 1558 cum
578 1493 796 1560 solverentur
820 1502 856 1558 et
876 1494 1005 1572 debita,
1027 1495 1251 1580 feceruntque
1275 1497 1338 1562 sic.

386 1593 433 1656 Et
454 1602 536 1675 post
562 1601 704 1676 treugas
730 1594 847 1671 initas,
874 1593 1090 1659 reduxerunt
1111 1615 1232 1662 secum
1257 1615 1339 1662 ossa

385 1690 430 1755 ad
453 1692 596 1760 fratrem
619 1711 722 1758 suum
746 1711 876 1775 regem,
896 1700 932 1758 et
959 1712 1022 1774 per
1048 1713 1129 1758 eum
1150 1695 1338 1760 honorifice

385 1793 524 1875 sepulta
561 1799 645 1856 sunt
681 1792 775 1878 apud
809 1792 1160 1860 westmonasterium
1197 1794 1338 1860 Londo-

387 1909 465 1954 uns.

495 2114 631 2200 cases
643 2123 716 2179 seur
730 2114 846 2179 noes
861 2115 991 2179 eamn
1006 2115 1042 2179 u
1063 2115 1228 2180 uaeas.

436 2290 525 2354 Post
569 2297 715 2356 mortem
761 2288 890 2354 domini
933 2289 1109 2356 Edmundi
1151 2290 1338 2374 praeficitur

385 2390 514 2454 nostris
536 2408 651 2453 comes
674 2387 941 2467 Lincolniensis‚
964 2390 1008 2454 de
1029 2409 1202 2455 consensu
1229 2391 1337 2456 totins

385 2490 573 2566 exercitus,
588 2488 691 2554 homo
707 2488 844 2570 quidem
862 2490 1009 2566 facetus,
1024 2490 1289 2571 pulcherrimus,
1301 2498 1337 2555 et

385 2589 656 2654 strenuissimus.
708 2587 779 2652 Hic
793 2607 870 2652 cum
885 2589 1135 2672 aliquantisper
1148 2600 1339 2657 recreasset

385 2689 591 2765 exercitum,
618 2689 713 2752 circa
731 2687 864 2753 ¹festum
893 2689 1014 2753 Sancti
1041 2688 1213 2755 Johaunis
1241 2689 1337 2772 Bap-

384 2788 478 2852 tistee
503 2806 665 2868 egressus
693 2794 747 2852 est
775 2797 811 2854 et
837 2788 974 2853 obsedit
998 2790 1116 2853 urbem
1145 2789 1248 2871 Hays
1274 2809 1337 2870 per

386 2902 451 2950 vn.
470 2886 691 2963 ebdomadas,
707 2894 743 2950 et
763 2887 910 2968 singulis
930 2887 1001 2952 fere
1025 2887 1146 2952 diebus
1168 2888 1336 2954 insultum

385 2985 468 3050 fecit
490 2986 534 3050 ed
557 2986 688 3050 urbem.
740 2984 791 3050 At
814 2986 868 3052 illi
889 2987 1033 3063 obsessi,
1061 2987 1104 3050 de
1130 2987 1338 3052 strenuitate

385 3093 422 3152 et
438 3086 625 3172 juventute
647 3085 872 3162 confidentes,
887 3086 1087 3152 multotiens
1111 3087 1283 3163 exierunt,
1301 3095 1337 3152 et

384 3195 466 3268 post
487 3185 688 3250 conflictum
710 3184 893 3266 aliqualem
921 3185 1046 3250 iterum
1071 3187 1219 3268 ingressi
1241 3194 1334 3250 sunt.

384 3285 541 3350 Tandem
559 3295 642 3350 vero
665 3305 744 3349 cnm
768 3285 948 3349 audissent
971 3285 1083 3350 nostri
1103 3285 1196 3367 quod
1220 3306 1337 3352 comes

384 3385 427 3447 de
442 3383 598 3466 Arthoys
614 3385 746 3449 veniret
753 3384 790 3448 in
800 3384 969 3448 auxilinm
979 3392 1195 3461 coeterorum,
1206 3387 1336 3450 reversi

383 3491 467 3546 sunt
480 3501 591 3563 usqne
605 3483 742 3565 Bayon.
796 3483 998 3565 lteratoque
1015 3491 1094 3566 post
1111 3493 1248 3567 tempus
1258 3505 1336 3550 mo-

384 3581 498 3646 dicum
516 3581 675 3646 exierunt
694 3581 837 3664 quidam
863 3601 908 3646 ex
931 3583 1058 3647 nostris
1075 3602 1196 3648 versus
1217 3592 1336 3666 partes
1372 3619 1373 3622 ¹

384 3680 614 3756 Tholosanes,
639 3688 675 3748 et
699 3681 827 3746 multas
857 3682 960 3746 villas
986 3689 1021 3746 et
1047 3683 1150 3748 urbes
1177 3684 1339 3749 incendio

383 3789 659 3856 concremarunt,
693 3781 892 3862 reversique
920 3790 1003 3846 suut
1031 3791 1154 3848 contra
1188 3783 1334 3850 hiemem

418 3992 427 4024 ¹
444 3996 487 4044 Οιι
511 3993 554 4043 the
576 3993 679 4042 Guseon
697 3992 770 4042 Rolls
789 3994 813 4042 is
831 3992 1020 4042 althellthoi
1029 3995 1182 4057 May,1296.
1210 3997 1281 4047 With
1292 3999 1336 4048 the

381 4067 457 4115 letter
474 4064 538 4114 from
556 4063 600 4112 the
622 4063 686 4126 king
708 4067 735 4112 to
753 4063 847 4111 Princo
872 4068 949 4111 exuet
963 4063 1022 4112 date
1042 4065 1072 4112 of
1087 4065 1129 4115 his
1145 4066 1222 4116 death
1234 4083 1274 4117 we
1292 4083 1336 4118 are

383 4134 512 4196 Edmund,
530 4134 682 4195 conseming
703 4133 746 4182 the
768 4132 847 4193 popul
872 4137 917 4181 not
926 4133 1090 4195 acquainted.

381 4206 489 4268 legates,
506 4204 585 4253 dated
604 4208 632 4254 at
654 4202 794 4264 Roxburgh
814 4216 846 4250 on
