3138 4988
412 490 581 538 wnnrnnr
605 491 651 536 nn
676 490 956 538 uunrncnnncu.
1092 473 1158 538 319

209 650 406 733 expellitur,
422 650 493 714 filio
511 650 656 732 gradum
675 651 794 716 matris
812 652 967 732 ingresso
985 650 1157 714 successio
1170 660 1319 749 Efffflff·

209 757 293 814 tunc
333 749 500 826 differtur,
540 750 765 816 similitudine
806 751 880 828 filii,
913 751 971 833 qui
1011 737 1315 834 gradumffigf‘*

210 851 364 932 parentis
398 848 587 913 deficientis
621 850 823 930 ingreditur,
858 859 898 913 ut
932 851 976 914 ad
1010 850 1158 931 patriam
1171 843 1304 934 §ffissdshe

210 951 462 1014 successionem
489 969 567 1012 cum
596 949 730 1031 patruis
757 951 863 1014 etiam
887 949 1101 1025 admittatur,
1120 956 1158 1011 ut
1170 943 1286 1038 {2331322

209 1051 259 1113 sic
294 1050 416 1113 merito
451 1049 561 1112 tristis
591 1056 713 1124 mater,
747 1049 891 1132 praefato
921 1050 1034 1130 rigore
1064 1049 1158 1130 regia
1171 1042 1316 1132 ffiffiffef‘gg‘h

211 1149 412 1212 haereditate
429 1146 572 1224 nudata,
583 1148 954 1213 substitutionetaliter
971 1149 1036 1212 sibi
1052 1148 1158 1222 facta,
1170 1141 1321 1233 ffissgf’ms

212 1248 254 1311 de
272 1247 342 1311 filio
370 1247 522 1329 gaudeat
550 1247 743 1324 consolata,
762 1268 825 1311 nec
852 1247 1028 1312 afflictioni
1052 1247 1157 1310 afflic-

212 1348 339 1412 tionem
383 1347 587 1422 accumulet,
627 1347 718 1428 quod
761 1357 884 1412 sancta
928 1345 1157 1410 consideratio

211 1446 298 1528 legis
321 1447 494 1522 abhorret,
517 1446 609 1510 sicut
626 1447 781 1510 videmus
799 1448 901 1510 etiam
926 1443 1049 1508 ‘ubi'l
1071 1464 1158 1508 onus

212 1546 407 1610 afflictionis
424 1545 645 1626 praeamabile
664 1565 732 1609 non
758 1546 874 1610 intulit
891 1546 962 1621 lex,
979 1544 1039 1608 sed
1058 1563 1159 1608 casus

211 1646 247 1714 in
277 1644 366 1728 lege,
396 1645 527 1708 scilicet
551 1645 644 1726 quod
677 1645 1014 1710 consuetudinariam
1046 1645 1159 1726 legem

212 1744 365 1820 damnat,
408 1746 500 1808 bona
524 1743 765 1808 concedentem
796 1745 855 1808 alii
902 1744 1159 1824 naufragorum,

214 1864 283 1926 qua
297 1845 433 1908 ratione
449 1843 542 1924 quod
568 1843 604 1906 in
622 1862 789 1924 expresso
811 1844 920 1925 legali
941 1863 1003 1926 pro
1018 1842 1161 1910 vitanda

213 1943 407 2007 afflictionis
424 1942 617 2026 adjectione
630 1942 824 2022 corrigitur,
848 1943 957 2008 multo
979 1942 1101 2006 l'ortius
1126 1940 1161 2003 in

214 2043 321 2106 tacito
353 2041 563 2124 prohibetur.
627 2040 713 2122 Legi
755 2060 838 2122 ergo
871 2042 969 2122 regui
1006 2041 1161 2106 Franciee

214 2141 363 2205 sufficiat
388 2140 572 2223 plusquam
598 2139 710 2220 plene,
739 2140 852 2228 matri,
879 2160 948 2204 non
973 2159 1037 2204 suo
1063 2140 1161 2216 vitio,

215 2243 277 2306 sed
315 2246 449 2303 naturae
492 2240 596 2315 facto,
630 2258 709 2320 quae
742 2239 903 2303 feminam
942 2240 1025 2303 fecit
1055 2239 1161 2316 illam,

216 2341 348 2404 radices
366 2340 480 2420 regias
498 2338 692 2412 succidisse,
705 2337 988 2420 quodque'mater
998 2357 1161 2420 expresse

216 2459 277 2521 per
299 2440 411 2520 legem
436 2440 548 2521 ipsam
569 2437 855 2502 exhaeredationis
883 2438 1043 2520 propriae,
1061 2438 1162 2520 quasi

216 2538 388 2620 quoddam
417 2537 633 2618 naufragium
661 2537 825 2618 patiatur,
848 2539 979 2619 absque
1004 2556 1046 2601 eo
1068 2536 1160 2619 qnod

216 2658 261 2701 ex
286 2638 372 2720 legis
397 2637 551 2720 praeiatee
576 2637 798 2719 consequenti
827 2637 946 2713 tacito,
964 2635 1056 2700 omni
1081 2635 1161 2718 jure

216 2739 400 2813 contrario,
438 2756 516 2800 cum
550 2735 621 2798 filio
659 2735 879 2800 exhaeredato
908 2736 1034 2800 iterum
1076 2754 1162 2802 nau.

215 2837 380 2917 fragetur,
408 2843 442 2900 et
464 2837 537 2898 sine
563 2835 666 2917 culpa
691 2854 797 2917 poena
812 2835 1007 2898 inveniatur
1031 2835 1162 2915 angeri,

218 2955 307 3010 curn,
324 2936 382 2998 ubi
396 2935 499 2998 etiam
517 2933 621 3014 culpa
638 2941 703 3008 est,
713 2934 836 2997 debeat
854 2932 1011 2996 emolliri.
1048 2931 1163 3014 Aliter

218 3034 353 3097 etiamsi
370 3053 433 3115 pro
451 3053 492 3096 eo
504 3032 595 3115 quod
609 3037 718 3094 mater
732 3051 777 3094 ex
789 3032 869 3115 jure
879 3052 947 3094 non
963 3031 1164 3096 admittetur

218 3133 263 3196 ad
297 3153 452 3214 regnum,
480 3129 600 3213 repelli
627 3130 707 3214 jure
741 3129 832 3193 filius
864 3131 1116 3212 intelligeretur
1142 3149 1164 3195 a

219 3252 338 3312 regno.
383 3231 406 3296 J
409 3232 584 3295 udaeorum
616 3249 758 3310 regnum
784 3237 905 3294 contra
933 3229 1012 3293 fidei
1031 3228 1165 3293 ¹funda·

219 3339 372 3396 mentum
389 3351 458 3395 nnn
479 3329 692 3412 pervenisset
717 3328 870 3410 legitime
891 3327 935 3391 ad
954 3328 977 3393 J
981 3347 1089 3402 esum,
1106 3328 1163 3409 qui

219 3441 335 3494 tamen
362 3437 465 3494 natus
491 3430 559 3494 Dei
581 3429 745 3505 misterio,
762 3448 830 3492 uon
863 3427 953 3492 virili
979 3429 1164 3504 consortio,

221 3550 265 3592 ex
281 3530 428 3594 feminea
443 3529 552 3610 regali
574 3528 669 3610 prole
694 3528 860 3592 Davitica
883 3527 1000 3590 Maria
1021 3527 1165 3608 virgine,

221 3629 263 3691 ad
290 3648 432 3710 regnum
462 3627 659 3711 hujusmodi
682 3647 750 3689 non
781 3627 933 3690 admissa
964 3647 1026 3690 nec
1061 3627 1166 3690 etiam

221 3727 446 3804 admittenda,
461 3748 522 3810 per
542 3733 671 3792 certam
686 3726 764 3791 fidei
780 3727 970 3802 veritatem,
986 3746 1048 3788 rex
1064 3737 1167 3789 verns

221 3834 256 3890 et
290 3828 464 3908 legitimus
497 3827 614 3890 extitit
646 3824 859 3891 ludaeorum.
927 3824 1031 3888 Absit
1062 3825 1166 3888 etiam

221 3926 312 4008 quod
330 3926 371 3988 ‘J
374 3946 435 3990 esu
458 3925 520 3988 filii
537 3923 681 3988 David'²
704 3924 829 4006 regalis
847 3923 1027 3999 successio,
1044 3922 1167 4003 legalis

220 4026 448 4089 observantiae
465 4025 538 4087 sire
555 4023 636 4086 nodi
655 4022 758 4087 fuerit
773 4023 926 4086 fractura
940 4023 1013 4084 sive
1030 4021 1167 4096 solutio,

256 4177 395 4226 'Omitted
414 4177 441 4224 in
460 4175 516 4222 Ms.
536 4174 681 4228 CollTrin.

221 4248 253 4297 R.
266 4253 290 4308 5,
303 4251 342 4296 10.

743 4207 753 4234 ²
770 4208 865 4257 ‘Jesus
877 4207 945 4256 lilius
956 4206 1059 4268 David,'
1071 4206 1151 4256 MSS.
