3138 4988
418 481 485 546 342
789 489 1000 540 canonicos

260 671 410 763 apwffip.
424 658 459 716 et
508 669 689 733 quousque
736 650 884 714 inimicis
930 648 1057 712 nostris
1110 648 1379 720 obviaverimus,

270 747 612 833 -'-²-'equitando
635 750 744 814 indies
775 749 938 812 festinare
966 747 1143 822 debemus,
1173 753 1209 810 et
1232 746 1282 808 sic
1307 745 1377 807 vio·

425 851 572 915 tualium
616 847 863 913 abundantiam
908 847 985 910 Deo
1034 845 1187 928 propitio
1228 843 1378 925 reperie-

344 990 348 996 ·
426 949 537 1015 mus.”
589 950 674 1012 Dux
707 966 790 1012 vero
815 947 1000 1028 caeterique
1032 951 1225 1026 magnates,
1257 939 1382 1005 habito

427 1049 584 1124 consilio,
619 1046 764 1111 ulterius
801 1046 985 1128 procedere
1021 1061 1122 1108 suum
1158 1059 1377 1124 nequaquam

427 1149 501 1213 foro
516 1147 707 1230 proficuum
725 1145 951 1210 communiter
965 1144 1054 1206 inter
1071 1163 1109 1206 se
1125 1143 1296 1206 dicebant.

460 1366 510 1429 Dc
526 1365 647 1430 Litoris
662 1367 744 1430 iuter
758 1365 924 1428 Euorcitua
938 1364 1060 1435 missin
1079 1372 1107 1427 ct
1123 1361 1258 1448 qualiter
1273 1362 1341 1425 Rau

576 1464 726 1531 Francia
740 1463 914 1550 Apulorum
929 1462 1008 1548 Bopa'
1024 1462 1123 1549 Tarpa
1137 1461 1233 1526 dedit.

483 1635 613 1699 Eodem
622 1636 677 1700 dio
686 1636 767 1699 dum
777 1636 852 1700 haeo
864 1643 1119 1718 agerenturrox
1131 1633 1294 1709 Boemiae,
1306 1633 1379 1696 dux

433 1735 681 1816 Lotboringiae,
711 1736 987 1799 constabularius
1021 1734 1190 1809 Francius,
1221 1733 1379 1805 dominns

433 1836 475 1899 de
492 1834 593 1910 Nica,
610 1834 778 1898 miserunt
793 1834 913 1898 literas
928 1835 1001 1916 regi
1018 1832 1169 1914 Angliae,
1182 1832 1246 1895 sub
1264 1831 1381 1912 sigillo
1401 1881 1403 1884 .

433 1932 529 1998 Galli
554 1934 596 1997 de
619 1933 812 2009 Labasme,
826 1934 985 2014 magistri
1013 1933 1269 1996 balistariorum
1287 1931 1379 2012 regis

435 2033 602 2096 Francius.
656 2033 701 2096 Et
711 2034 793 2114 quia
809 2031 934 2096 Gallus
952 2031 1138 2114 praedictus
1153 2031 1226 2111 regi
1242 2029 1380 2111 Angliae

433 2142 537 2196 notus
565 2151 634 2196 non
665 2131 790 2207 fuerat,
818 2132 912 2195 misit
934 2130 1013 2195 illas
1036 2129 1292 2210 consanguineo
1317 2146 1382 2192 suo

434 2231 572 2294 domino
594 2231 740 2312 Hugoni
762 2229 804 2293 de
828 2229 971 2294 Geneve
993 2230 1110 2311 quiin
1134 2229 1288 2292 exercitu
1308 2225 1381 2293 An·

436 2330 572 2410 glorum
587 2348 719 2394 moram
736 2330 854 2405 traxit,
870 2328 1015 2393 subhac
1032 2328 1154 2391 forma.

486 2428 718 2492 Dilectissimo
747 2429 1012 2510 consanguinee,
1042 2427 1161 2492 literas
1195 2445 1293 2490 meas
1321 2426 1382 2490 do-

435 2527 529 2589 mino
543 2527 616 2606 regi
635 2527 771 2608 Angliae
793 2527 1083 2592 excellentissimo
1106 2524 1266 2608 scriptas
1284 2526 1382 2590 uobis

330 2633 333 2639 “
436 2624 644 2702 transmitto,
671 2643 715 2689 ex
745 2627 847 2690 corde
874 2646 1002 2708 rogans
1026 2626 1192 2708 quatinus
1215 2633 1383 2707 exparte

436 2741 514 2785 mea
539 2724 604 2787 sibi
627 2724 706 2787 illas
730 2732 941 2806 praesentare
966 2725 1092 2790 velitis.
1139 2724 1186 2789 Et
1202 2725 1295 2805 quod
1314 2725 1382 2787 ista

436 2839 519 2886 vera
534 2829 617 2886 sunt
633 2823 791 2888 dominus
806 2844 867 2887 rex
880 2823 1043 2900 Boemiae,
1054 2823 1212 2887 dominus
1227 2824 1268 2886 do
1283 2821 1383 2898 Niea,

437 2921 596 2986 dominus
633 2924 922 3000 constabularius,
955 2924 1113 2988 dominus
1146 2922 1382 3003 Lothoringiae

437 3019 520 3084 mibi
547 3042 608 3104 par
633 3023 752 3086 literas
774 3041 857 3086 suas
881 3029 988 3086 testes
1012 3022 1123 3086 effecti
1151 3029 1244 3086 sunt.
1311 3022 1384 3085 Do-

438 3121 551 3184 minus
590 3129 707 3185 noster
737 3141 799 3186 vos
830 3129 1025 3186 conservet.
1077 3121 1254 3203 Scriptum
1290 3119 1383 3204 apud

276 3243 366 3284 otuu.
438 3219 604 3284 Sanctum
622 3211 828 3298 Quintinum
847 3221 1012 3284 xvr1.die
1030 3220 1203 3285 Octobris.

276 3341 413 3380 sarano
490 3320 609 3384 Litora
648 3339 730 3383 vero
769 3317 832 3402 per
884 3321 1088 3400 magistrum
1127 3318 1384 3384 balistariorum

276 3390 412 3488 {illitis
438 3415 631 3498 Anglorum
647 3420 722 3500 regi
737 3420 880 3494 directa,
899 3418 979 3482 talis
996 3425 1082 3482 erat.
1240 3402 1250 3421 ⁶

277 3491 402 3530 ΜΝ·
488 3516 771 3580 Trementissime
781 3519 930 3595 domino,
940 3519 1106 3582 noveritis
1118 3518 1211 3597 quod
1225 3515 1384 3580 dominus

436 3632 533 3676 meus
547 3633 609 3678 rcx
628 3614 784 3681 Franciae
807 3616 889 3680 mibi
909 3617 944 3680 in
958 3687 961 3690 ,
974 3617 1157 3699 praeceptis
1180 3615 1274 3680 dedit
1292 3615 1384 3698 quod

436 3712 533 3775 vobis
564 3714 653 3777 scire
683 3713 808 3778 faciam
840 3717 933 3798 quod
967 3736 1059 3797 saepe
1090 3717 1133 3780 ad
1168 3733 1269 3779 aures
1302 3733 1398 3778 suas·

435 3809 592 3894 pervenit
614 3813 705 3895 quod
728 3815 856 3897 ubique
881 3816 998 3897 palam
1021 3835 1084 3879 vos
1111 3815 1236 3891 lacitiS,
1259 3815 1289 3877 si
1318 3815 1385 3878 sci·

436 3913 519 3976 retis
551 3913 664 3994 ipsum
698 3914 822 3978 debere
851 3916 907 3978 vel
950 3916 1056 3978 etiam
1083 3915 1173 3978 velle
1206 3915 1385 3977 vobiscum

435 4031 588 4093 pugnam
604 4013 702 4090 inire,
720 4009 970 4078 ‘xv.'¹diebus
988 4021 1049 4078 aut
1071 4021 1165 4078 certe
1184 4013 1385 4095 septimanis

507 4237 513 4266 ¹
530 4241 620 4291 ‘xvii’
631 4241 709 4293 MSS.
721 4241 788 4292 (lott.
802 4243 872 4290 Nero
883 4243 919 4292 D.
930 4243 969 4304 ii.,
980 4243 1031 4291 and
1041 4242 1183 4292 CollTriu.
1196 4243 1229 4292 R.
1241 4247 1266 4305 ⁵,
1278 4244 1317 4288 lo.
