3178 4992
416 441 482 504 144
782 455 990 506 cnnomcon

267 629 388 719 {⁶3⁸3}ss
417 617 607 682 celebravit
626 635 729 680 unus.
776 616 955 700 Factaque
978 617 1187 694 elevatione,
1204 635 1368 698 egressus

256 707 368 820 Aff'm'm
391 707 397 718 ⁸
418 725 471 782 est
490 717 548 781 ille
565 717 763 781 Willelrnus
788 715 832 778 ad
856 715 1096 799 deponendum
1121 735 1219 779 arma
1239 735 1315 792 sua,
1332 723 1367 780 et

256 831 363 872 sernia.
417 817 548 881 factum
570 824 624 880 est
650 835 730 879 cum
750 815 945 896 perveniret
966 815 1126 879 sacerdos
1142 815 1197 878 ad
1223 834 1366 898 percep-

419 916 547 979 tionem
563 913 789 978 sacratissimi
806 913 960 994 corporis
980 921 1016 976 et
1032 913 1214 993 sanguinis.
1226 912 1367 989 Christi,

418 1014 721 1078 circumsteterunt
747 1031 825 1075 eum
852 1011 947 1076 Scoti
973 1011 1134 1075 ‘multi’¹
1163 1021 1202 1077 ut
1225 1011 1366 1075 calicem

419 1113 625 1194 abriperent.
671 1111 833 1193 Dumque
849 1129 970 1172 manus
982 1110 1148 1187 ablueret,
1163 1116 1198 1173 et
1213 1128 1235 1173 a
1249 1129 1368 1174 sacra·

419 1212 470 1274 rio
480 1215 711 1274 reverteretur
720 1208 835 1285 altari,
845 1207 977 1272 invenit
987 1208 1130 1272 calicem
1149 1216 1367 1290 asportatum

420 1328 521 1391 quem
546 1328 651 1391 snper
676 1307 786 1371 altare
814 1306 1056 1384 reclinaverat,
1080 1308 1370 1389 manutergiaque

420 1415 457 1470 et
480 1415 607 1470 caetera
632 1411 836 1468 ornamenta
862 1405 974 1486 ipsius
1001 1405 1123 1470 altaris
1147 1425 1210 1470 nec
1236 1413 1312 1469 erat
1336 1407 1368 1469 ei

420 1505 507 1570 liber
535 1506 572 1568 iu
596 1522 666 1586 quo
692 1503 806 1567 finiret
827 1503 968 1567 missam
993 1503 1193 1586 incoeptam,
1215 1505 1368 1586 eoquod

420 1609 685 1686 asportaverant
696 1603 821 1667 omnia.
866 1602 912 1664 Et
925 1622 1004 1665 cum
1016 1602 1193 1668 haesitaret
1207 1603 1368 1666 sacerdos

420 1703 503 1785 qnid
520 1709 613 1766 esset
627 1701 833 1776 iaciendum,
847 1720 1006 1764 reversus
1022 1709 1075 1764 est
1087 1701 1147 1764 ille
1157 1701 1366 1777 Willelmus,

420 1809 456 1864 et
472 1801 558 1865 vidit
582 1801 669 1877 haec,
693 1800 926 1884 praecepitque
948 1807 988 1862 ut
1005 1809 1241 1881 quaererentur
1260 1800 1366 1864 sacri·

419 1897 489 1981 legi
517 1909 552 1965 et
577 1900 692 1979 eapite
723 1898 969 1980 plecterentur.
1041 1898 1109 1962 Sed
1135 1899 1267 1963 inventi
1296 1919 1366 1963 uon

420 2005 513 2074 sunt,
530 2006 653 2080 utpote
668 2018 746 2062 cum
763 1995 1034 2061 dissimulatione
1056 1999 1205 2079 quaesiti.
1255 1996 1365 2080 Adje-

421 2097 538 2181 citque
552 2098 596 2161 ad
612 2096 807 2172 canonicos,
822 2102 844 2130 “
860 2096 976 2172 Non,”
991 2096 1113 2178 iuquit,
1132 2101 1154 2131 ‘⁴
1166 2117 1189 2160 a
1204 2115 1258 2159 me
1272 2116 1365 2160 rece·

421 2196 512 2261 datis
537 2215 724 2279 quoquam,
749 2195 811 2258 sed
835 2215 968 2258 mecum
994 2195 1164 2259 maneatis
1190 2202 1229 2259 ut
1253 2195 1368 2259 salve·
1424 2275 1427 2279 Ι

421 2297 526 2369 mini;
561 2294 711 2378 populus
735 2294 827 2357 enim
852 2294 918 2357 iste
942 2291 1193 2358 ‘malitiosus'
1216 2301 1281 2370 est,
1304 2313 1367 2358 nec

416 2393 602 2476 justificari
622 2400 739 2476 potest
753 2411 814 2456 seu
836 2392 1033 2474 castigari.”
1085 2393 1285 2474 Mansitque
1305 2394 1369 2457 ibi-

422 2492 500 2555 dem
530 2512 593 2574 per
622 2492 710 2556 duos
737 2491 822 2568 dies,
855 2500 890 2556 et
921 2491 1069 2574 populus
1097 2490 1157 2554 ille
1186 2510 1368 2573 perversus

424 2591 601 2673 dispersus
629 2587 740 2654 ‘est’¹
771 2609 834 2672 per
855 2590 1201 2673 circumadjacentem
1230 2592 1370 2672 provin-

423 2691 526 2766 ciam,
550 2690 753 2753 comburens
781 2689 937 2754 incendio
966 2696 1002 2753 et
1026 2694 1169 2753 vastans
1194 2689 1367 2752 universa.

261 2767 353 2866 3⁸²3?
425 2787 629 2870 Habuitque
643 2795 727 2852 tune
741 2787 799 2851 ille
810 2788 1009 2852 Willelmus
1027 2787 1170 2869 Walays
1185 2787 1316 2852 socium
1332 2789 1369 2850 in

261 2865 378 2965 ξᾞῖἔέηοῖῃ
390 2918 412 2957 ω
424 2885 532 2951 literis
552 2887 776 2971 sequentibus
795 2888 1021 2963 nominatum,
1038 2887 1098 2969 qui
1119 2886 1247 2949 eisdem
1266 2905 1368 2950 cano·

261 2966 395 3008 ‘¹¹⁶⁰⁸¹¹⁰¹¹''
424 2987 511 3050 uicis
526 2986 660 3050 litteras
680 3004 762 3049 snas
784 2986 1011 3068 protectorias
1029 2992 1274 3050 concesserunt
1289 3004 1370 3049 con-

423 3093 543 3168 ceptas
558 3085 594 3149 iu
612 3085 678 3149 hae
694 3085 815 3150 foruna.

701 3307 836 3371 ‘Litora
850 3305 1093 3372 Protectores?³

262 3508 377 3546 necaret
472 3478 632 3544 Andreas
642 3478 684 3540 de
695 3477 857 3541 Moravia
868 3485 904 3540 et
912 3477 1108 3542 Willelmus
1121 3429 1370 3554 ‘WallensiS,’⁴

262 3557 389 3597 mmm·
423 3577 528 3642 duces
556 3577 728 3640 exercitus
756 3577 854 3655 regni
883 3575 1021 3655 Scotiae,
1047 3577 1184 3640 nomine
1211 3576 1370 3657 praeclari

422 3675 585 3758 principis
598 3675 726 3738 domini
736 3673 759 3736 J
763 3673 920 3750 ohannis
933 3674 1000 3738 Dei
1015 3676 1130 3756 gratia
1139 3672 1231 3755 regis
1243 3674 1370 3738 Scotiae

422 3773 579 3850 illustris,
601 3773 644 3836 de
671 3791 841 3836 consensu
867 3773 1125 3837 communitatis
1149 3774 1246 3852 regni
1277 3773 1371 3856 ejus-

422 3874 513 3949 dem,
550 3871 706 3936 omnibns
742 3871 934 3936 hominibus
965 3872 1050 3936 dicti
1080 3873 1180 3952 regui
1205 3871 1250 3934 ad
1284 3889 1371 3952 quos

459 4063 466 4092 ¹
484 4065 598 4146 cauea
610 4065 637 4112 an
648 4065 724 4114 Mss.
736 4063 802 4114 coo.
814 4063 886 4113 Arm.
948 4057 1090 4112 ³ennaea
1102 4063 1127 4110 n
1141 4062 1198 4111 Ms.
1211 4060 1277 4110 con.
1288 4061 1366 4111 Arm.-

423 4135 714 4266 anffpn‘iffuffls’ns.
727 4203 821 4251 cansa
946 4198 1190 4263 “Walleys,'Ms.
1203 4199 1336 4251 coare.
1403 4215 1406 4223 ·
