3144 4990
417 503 588 553 wunsam
613 505 661 552 nn
683 503 966 552 unumcnuucu.
1094 486 1158 552 421

209 657 397 722 adventum
419 679 483 724 rex
503 660 660 726 Franciee
679 661 862 776 Philippus
882 661 1010 728 direxit
1036 661 1155 728 literas
1167 675 1317 766 ssgwgfdssffl

209 775 291 820 suas
315 757 495 823 Scotorum
521 761 594 842 regi
619 760 748 838 David,
774 761 811 825 iu
839 761 977 826 Gallico
1009 768 1048 826 ut
1073 763 1153 826 sub-

209 857 367 936 sequitur
392 860 623 937 continentes,
639 861 660 898 “
676 859 862 925 Carissimo
875 879 917 926 ac
932 861 1152 925 dilectissime
1163 891 1269 932 namu
1309 876 1315 886 “

208 959 473 1067 consanguinee,
522 960 640 1023 literas
673 967 808 1024 vestras
841 960 1039 1024 amicabiles
1072 979 1151 1024 cum
1164 941 1314 1041 {Pusilli

207 1054 373 1120 immenso
398 1058 579 1124 incolumis
606 1066 719 1123 status
750 1060 858 1125 vestri
882 1060 1023 1141 gaudio,
1048 1079 1151 1142 quem
1140 1043 1298 1132 iiiffffl'd

207 1155 306 1218 nubis
338 1157 573 1237 significastis
604 1159 808 1241 recepimuS,
849 1165 885 1222 et
919 1160 1018 1222 vobis
1062 1160 1150 1224 scire

208 1251 355 1318 facimus
377 1256 469 1337 quod
492 1277 567 1335 nos,
583 1259 714 1338 regina,
739 1257 906 1340 liberique
931 1259 1053 1335 nostri,
1070 1278 1149 1322 cum

206 1361 395 1433 praesentes
428 1355 471 1420 de
503 1357 600 1420 curia
631 1364 751 1420 nostra
793 1366 997 1422 emanarunt
1028 1357 1150 1435 literae,

207 1453 386 1534 sospitate,
400 1454 560 1520 laudetur
582 1456 691 1533 Deus,
708 1456 945 1537 gaudebamus
967 1463 1002 1521 et
1024 1457 1148 1523 salute.

209 1550 254 1614 Et
271 1551 336 1615 hoc
351 1554 388 1616 in
403 1554 552 1619 veritate
567 1555 802 1620 intelleximus
816 1556 907 1638 quod
929 1575 990 1620 rex
1009 1554 1149 1638 Angliee

205 1649 249 1712 ad
274 1653 487 1730 gravandum
512 1673 575 1717 nos
602 1661 637 1717 et
664 1662 801 1719 nostros
825 1656 861 1719 in
890 1675 999 1736 reguo
1030 1664 1148 1721 nostro

206 1748 367 1814 festinum
393 1752 578 1817 adventum
604 1762 779 1818 maturare
806 1754 964 1831 intendit,
982 1755 1149 1837 nobisque

206 1849 356 1926 videtur,
381 1852 613 1916 amantissime
638 1871 679 1916 ac
704 1853 936 1929 dilectissime,
954 1853 1047 1936 quod
1070 1872 1148 1917 curn

205 1947 273 2010 illis
305 1950 365 2029 qui
399 1950 443 2013 ad
478 1959 595 2032 partes
628 1959 765 2016 nostras
791 1952 908 2017 venire
936 1961 1150 2035 praesumunt

205 2049 428 2130 conquirendi
455 2051 604 2132 patriam
631 2070 742 2127 suam,
769 2051 825 2116 vel
852 2052 1028 2128 damnum,
1056 2053 1148 2134 quod
1241 2061 1242 2066 ’

206 2166 383 2229 nunquam
419 2169 622 2233 recuperare
661 2152 802 2233 poterit,
837 2151 1014 2228 inferendi,
1054 2170 1149 2218 emo·

205 2246 392 2312 Iumentum
409 2251 572 2332 consequi
589 2251 747 2333 poteritis
768 2251 954 2314 non'exile.
1001 2249 1149 2329 Idcirco,

205 2349 455 2426 praecarissime
493 2368 570 2425 rex,
608 2349 742 2414 fortiori
778 2350 880 2414 modo
917 2369 987 2432 quo
1024 2349 1149 2414 valetis

205 2464 329 2525 parare
361 2467 424 2511 vos
453 2449 627 2530 satagite:
663 2449 750 2512 alias
793 2450 882 2512 enim
912 2454 1049 2532 tempus
1078 2448 1149 2513 tale

205 2547 468 2610 contradictum
482 2568 599 2629 regem
616 2546 767 2630 Angliae,
782 2549 957 2617 inimicum
981 2555 1148 2634 nostrum,

205 2645 355 2710 arridere
372 2666 442 2710 non
456 2647 656 2725 videbimus,
681 2649 753 2730 qni,
775 2649 865 2712 sicut
882 2649 1006 2725 nostiS,
1018 2648 1054 2710 in
1070 2654 1148 2711 tan-

205 2751 279 2807 tum
304 2745 519 2824 inhonorare,
534 2746 754 2812 damnificare
777 2766 838 2812 vos
865 2748 987 2813 nititur
1007 2757 1043 2813 et
1068 2767 1148 2828 gra·

206 2863 299 2920 vare,
324 2865 402 2926 quae
424 2865 545 2910 revera
570 2847 735 2910 oblivioni
756 2847 891 2910 tradere
912 2866 981 2910 non
1004 2846 1148 2911 debetis.

207 2942 252 3005 Et
275 2950 387 3007 certos
412 2963 475 3033 vos
491 2964 567 3009 esse
583 2945 742 3009 volumus
766 2965 885 3008 verum
910 2952 964 3008 est
987 2945 1080 3026 quod
1103 2945 1146 3008 ad

205 3049 323 3123 partes
332 3049 480 3121 nostras,
494 3044 583 3108 sicut
597 3063 768 3124 persuum
781 3051 987 3126 apparatum
1003 3051 1149 3125 apparet

204 3141 377 3219 bellicum,
394 3143 611 3225 applicuerit,
628 3143 682 3207 vel
700 3161 768 3206 uon
784 3150 917 3207 tantam
933 3143 970 3206 in
987 3141 1148 3224 Angliam

205 3261 281 3303 cnm
313 3250 523 3306 armatorum
554 3243 654 3324 copia
688 3244 959 3306 transmittemus
990 3242 1148 3319 classem,

205 3361 285 3423 qua,
319 3342 385 3405 Dei
416 3343 593 3424 nostrique
628 3342 800 3406 mediante
829 3342 1004 3422 suffragio,
1034 3341 1147 3424 ipsum

205 3439 374 3523 subjicere
389 3441 605 3506 meditamur.
657 3440 733 3506 Vos
748 3441 866 3523 itaque
880 3441 1098 3522 requirimus,
1113 3449 1148 3506 et

204 3540 238 3602 in
269 3548 437 3622 quantum
474 3540 659 3604 sufficimus
696 3559 893 3618 exoramus,
934 3542 971 3605 in
1008 3539 1075 3603 lide
1112 3549 1147 3605 et

202 3638 397 3717 dilectione,
423 3647 494 3703 tam
518 3660 580 3722 per
602 3641 935 3722 consanguinitatem
961 3658 1066 3723 qnam
1086 3660 1148 3722 per

203 3737 400 3820 alligantias
416 3741 507 3804 inter
524 3759 587 3804 nos
604 3748 640 3804 et
656 3759 718 3804 vos
734 3739 882 3816 habitas,
898 3740 997 3803 nobis
1011 3739 1147 3816 debitis,

204 3845 239 3901 et
263 3839 376 3915 aliter,
408 3840 572 3921 quatinus
593 3840 628 3902 in
650 3840 814 3922 praesenti
841 3839 986 3903 articulo
1011 3857 1146 3901 omnem

204 3937 417 4019 diligentiam
442 3945 594 4003 vestram
620 3944 654 4001 et
684 3957 801 4024 curam
828 3956 1001 4020 apponere
1033 3937 1146 4000 nulla-

204 4044 306 4100 tenus
338 4038 518 4114 omittatis,
543 4039 616 4101 vice
649 4056 798 4119 namque
832 4037 1005 4118 praesenti,
1028 4035 1147 4100 divino

204 4135 342 4201 favente
366 4136 510 4214 auxilio,
532 4156 596 4203 uos
618 4144 654 4200 et
673 4155 735 4200 vos
764 4136 808 4199 ad
836 4142 991 4200 nostrum
1018 4154 1146 4216 propo-

203 4236 308 4300 situm
324 4237 543 4301 deveniemus
559 4245 595 4302 et
611 4236 849 4313 intentionem,
865 4235 954 4300 sicut
970 4253 1034 4317 pro
1049 4235 1148 4299 vobis
