3178 4992
408 458 473 521 106
780 475 988 523 cuuourcou

259 648 350 687 meare
359 648 378 687 1.
407 631 472 692 bus
491 637 526 692 et
545 629 690 710 triginta
713 629 867 710 peditum
888 628 1040 692 millibus
1066 627 1355 708 Hibemicorum3

245 699 386 828 sffiaym
408 735 444 792 et
459 728 635 811 profectus
650 735 703 792 est
721 748 784 791 rex
801 747 911 811 usque
927 728 1046 791 villam
1060 729 1111 792 sic
1128 729 1258 792 dictam
1273 729 1357 793 villa

245 833 303 871 ΜΘ
312 832 345 869 ²⁴·
410 827 530 891 Sancti
543 827 567 892 J
569 828 725 904 ohannis,
743 826 856 890 ‘ubi'¹
871 828 907 891 iu
920 828 1104 891 nativitate
1116 828 1212 892 beati
1226 826 1248 892 J
1252 828 1358 891 ohan·

410 927 464 990 nis
482 926 655 1009 Baptistae
672 925 754 990 fecit
772 946 881 991 novos
902 926 1028 989 milites
1044 933 1080 990 et
1102 926 1358 991 solemnitatem

410 1044 585 1106 magnam,
615 1027 810 1107 mansitque
841 1025 966 1089 ibidem
998 1026 1119 1089 diebus
1149 1025 1293 1108 aliquot,
1323 1033 1358 1090 et

249 1143 375 1183 reuolue·
412 1133 579 1190 venerunt
607 1126 652 1189 ad
681 1144 760 1188 eum
790 1127 908 1189 nuncii
941 1144 987 1189 ex
1016 1132 1116 1207 parte
1141 1127 1233 1207 regis
1259 1125 1358 1189 Scot-

248 1195 360 1242 ‘⁰'¹'⁰²⁰⁰'
413 1242 511 1286 orum
533 1225 751 1308 postulantes
773 1243 894 1307 pacem
917 1243 961 1287 ex
990 1224 1127 1287 nomine
1155 1226 1230 1309 eju's
1253 1242 1359 1307 quam

414 1343 524 1405 nuper
544 1324 782 1401 exhorruerat,
804 1324 1005 1408 adjicientes
1027 1331 1068 1388 ut
1091 1343 1162 1387 non
1183 1323 1313 1389 faceret
1328 1324 1363 1388 ei

415 1423 602 1486 secundum
633 1423 767 1500 merita,
792 1423 852 1486 sed
881 1422 1067 1487 secundum
1096 1442 1193 1486 suam
1226 1423 1359 1486 miseri-

416 1522 569 1586 cordiam
607 1523 791 1603 benignam
823 1523 889 1585 sibi
927 1541 1047 1605 pacem
1082 1519 1360 1586 ‘concederet.'²

418 1621 498 1684 Rex
530 1641 611 1686 vero
644 1628 775 1699 noster,
807 1621 934 1686 delicta
964 1641 1035 1685 non
1066 1622 1262 1705 ponderans
1299 1621 1360 1684 sed

416 1720 680 1785 misericorditer
701 1739 821 1802 agens,
844 1722 1031 1785 clementer
1051 1720 1240 1803 respondit,
1264 1720 1357 1803 quod

415 1819 505 1884 infra
527 1837 588 1884 xv.¹
606 1821 680 1884 dies
697 1821 831 1884 veniret
847 1821 922 1902 ipse
943 1840 1005 1884 rex
1029 1820 1156 1884 Scotiae
1173 1841 1251 1884 cum
1274 1821 1361 1902 opti-

415 1920 566 1983 matibus
593 1921 665 1982 suis
689 1920 734 1983 ad
758 1928 911 1984 castrum
941 1921 984 1983 de
1010 1917 1193 2002 Brighyn,³
1217 1920 1260 1984 de
1283 1919 1361 2002 ipsa

415 2019 512 2100 pacis
542 2017 654 2082 forma
684 2019 868 2083 tractaturi
898 2039 977 2083 cum
1006 2020 1077 2082 suis
1108 2019 1243 2082 nunciis
1273 2038 1361 2101 quos

414 2119 582 2181 missurus
607 2125 692 2182 erat.
744 2117 902 2200 Cumque
924 2119 1100 2182 venisseut
1122 2119 1170 2181 ibi
1198 2138 1273 2194 rex,
1295 2118 1361 2182 sci-

415 2216 497 2280 licet
527 2217 667 2294 Scotiae,
693 2228 729 2282 et
754 2225 899 2299 uterque
934 2217 1112 2282 Johannes
1145 2216 1292 2300 Gomyu,
1319 2216 1362 2280 de

416 2315 600 2380 Badenach
610 2317 741 2381 scilicet
752 2326 787 2380 et
798 2314 1363 2398 de‘Bughan,’⁴caeteriquemag-

416 2424 515 2478 nates
533 2416 688 2500 ejusdem
705 2417 815 2497 regni,
832 2417 994 2498 misitque
1009 2415 1135 2480 ibidem
1158 2435 1222 2479 rex
1246 2423 1363 2480 noster

417 2513 607 2579 Antonium
628 2517 899 2580 Dunolmensem
913 2517 1112 2598 episcopum
1129 2516 1362 2580 cumconsilio

415 2613 518 2695 pleno
545 2622 580 2679 et
606 2617 708 2698 plena
732 2623 906 2697 potestate
932 2616 1104 2679 tractandi
1128 2615 1306 2696 negotium
1328 2623 1363 2680 et

416 2713 533 2778 debito
557 2715 623 2778 fine
645 2714 840 2791 claudendi,
857 2722 896 2779 ct·
915 2733 976 2796 per
998 2715 1113 2778 varios
1135 2722 1306 2778 tractatus
1328 2722 1363 2779 et

417 2813 528 2876 multa
543 2814 715 2896 colloquia
730 2834 798 2877 nou
818 2813 885 2878 fuit
901 2813 971 2877 alia
988 2813 1084 2895 pacis
1103 2813 1215 2877 forma
1237 2815 1303 2877 nisi
1319 2816 1363 2878 ab

417 2912 493 2993 ipso
525 2933 607 2994 rege
636 2913 813 2996 resignato
845 2933 965 2995 regno,
992 2920 1027 2976 et
1051 2913 1163 2977 fracto
1192 2915 1365 2977 communi

417 3011 546 3093 sigillo,
562 3013 706 3095 ipseque
719 3033 783 3076 rex
800 3020 835 3076 et
849 3013 967 3076 caeteri
980 3013 1034 3075 sui
1047 3013 1232 3094 optimates
1240 3014 1365 3077 volun·

419 3113 485 3175 tati
507 3113 598 3194 regis
621 3111 761 3194 Angliae
786 3133 824 3176 se
845 3113 970 3176 darent
984 3119 1020 3176 et
1037 3111 1230 3188 redderent,
1249 3113 1367 3176 condi-

255 3225 389 3315 {llkfpfflfil'
420 3211 513 3275 tione
538 3212 635 3278 nulla
664 3214 835 3294 apposita.
889 3212 1129 3292 Feceruntque
1156 3211 1218 3287 sic,
1245 3219 1280 3275 et
1306 3211 1366 3276 de·

272 3287 290 3315 ¹⁸
319 3286 348 3324 ¹¹⁸
364 3286 405 3316 ω’
419 3310 544 3375 derunt
559 3331 596 3376 se
613 3311 786 3376 voluntati
805 3312 897 3392 regis
914 3309 1065 3392 Angliae,
1082 3318 1118 3374 et
1133 3310 1276 3375 tradidit
1293 3310 1366 3393 ipse

418 3429 482 3472 rex
497 3410 605 3474 filium
623 3430 724 3473 suum
745 3410 954 3474 Edwardum
971 3411 1007 3472 in
1025 3410 1191 3484 obsidem,
1209 3417 1246 3474 et
1260 3431 1367 3492 regno

419 3508 547 3573 Scotiec
574 3511 793 3575 renunciavit
819 3509 1072 3593 perscriptum
1100 3509 1137 3572 iu
1161 3509 1235 3573 haec
1262 3511 1368 3574 verba

417 3617 635 3692 conceptum.

454 3863 460 3892 ¹
479 3868 593 3917 Omitted
605 3869 631 3916 in
642 3869 700 3918 MS.
713 3867 779 3918 0011.
791 3869 863 3918 Arm.
941 3869 951 3900 ³
968 3868 1022 3915 The
1033 3869 1112 3916 castle
1123 3868 1152 3916 os
1167 3867 1277 3916 Brechin
1287 3868 1314 3914 in
1329 3867 1371 3915 tlte

906 3941 1000 3997 county
1011 3937 1039 3985 ol'
1047 3937 1145 3998 Augus.

453 4001 463 4030 ²
478 4001 625 4068 ‘crederet‚’
637 4004 695 4055 MS.
707 4004 773 4054 Coll.
784 4005 856 4055 Arm.
942 4006 951 4034 ⁴
969 4007 1118 4069 ‘Dugham'
1129 4007 1187 4056 MS.
1195 4006 1263 4057 cett.
1272 4006 1331 4055 Tib.
