<?xml version="1.0" encoding="UTF-8"?>
<!DOCTYPE html PUBLIC "-//W3C//DTD XHTML 1.0 Transitional//EN"
    "http://www.w3.org/TR/xhtml1/DTD/xhtml1-transitional.dtd">
<html xmlns="http://www.w3.org/1999/xhtml" xml:lang="en" lang="en">
 <head>
  <title>
</title>
<meta http-equiv="Content-Type" content="text/html;charset=utf-8" />
  <meta name='ocr-system' content='tesseract 3.04.00' />
  <meta name='ocr-capabilities' content='ocr_page ocr_carea ocr_par ocr_line ocrx_word'/>
</head>
<body>
  <div class='ocr_page' id='page_1' title='image "./chronicondomini00hamigoog_0239.png"; bbox 0 0 3166 4992; ppageno 0'>
   <div class='ocr_carea' id='block_1_1' title="bbox 418 480 1167 546">
    <p class='ocr_par' dir='ltr' id='par_1_1' title="bbox 418 480 1167 546">
     <span class='ocr_line' id='line_1_1' title="bbox 418 480 1167 546; baseline -0.003 0"><span class='ocrx_word' id='word_1_1' title='bbox 418 497 589 546; x_wconf 70' lang='lat' dir='ltr'><strong>wanrnru</strong></span> <span class='ocrx_word' id='word_1_2' title='bbox 613 497 660 544; x_wconf 82' lang='lat' dir='ltr'><strong>un</strong></span> <span class='ocrx_word' id='word_1_3' title='bbox 684 497 968 545; x_wconf 80' lang='lat' dir='ltr'><strong>nnurucnuncu.</strong></span> <span class='ocrx_word' id='word_1_4' title='bbox 1100 480 1167 544; x_wconf 75' lang='lat'><strong>225</strong></span> 
     </span>
    </p>
   </div>
   <div class='ocr_carea' id='block_1_2' title="bbox 212 636 1329 821">
    <p class='ocr_par' dir='ltr' id='par_1_2' title="bbox 212 636 1329 821">
     <span class='ocr_line' id='line_1_2' title="bbox 213 636 1312 722; baseline -0.007 -22"><span class='ocrx_word' id='word_1_5' title='bbox 213 637 374 700; x_wconf 91' lang='lat' dir='ltr'><strong>teriorem</strong></span> <span class='ocrx_word' id='word_1_6' title='bbox 394 645 527 720; x_wconf 91' lang='lat' dir='ltr'><strong>partem</strong></span> <span class='ocrx_word' id='word_1_7' title='bbox 543 657 678 722; x_wconf 88' lang='lat' dir='ltr'><strong>semper</strong></span> <span class='ocrx_word' id='word_1_8' title='bbox 693 639 898 703; x_wconf 88' lang='lat' dir='ltr'><strong>habuerunt.</strong></span> <span class='ocrx_word' id='word_1_9' title='bbox 949 636 1058 700; x_wconf 83' lang='lat' dir='ltr'><strong>Erant</strong></span> <span class='ocrx_word' id='word_1_10' title='bbox 1073 637 1164 702; x_wconf 90' lang='lat' dir='ltr'><strong>enim</strong></span> <span class='ocrx_word' id='word_1_11' title='bbox 1193 665 1312 706; x_wconf 58' lang='lat' dir='ltr'><strong>mm,</strong></span> 
     </span>
     <span class='ocr_line' id='line_1_3' title="bbox 212 716 1329 821; baseline -0.016 -22"><span class='ocrx_word' id='word_1_12' title='bbox 212 738 501 802; x_wconf 87' lang='lat' dir='ltr'><strong>excommunicati</strong></span> <span class='ocrx_word' id='word_1_13' title='bbox 547 757 625 802; x_wconf 90' lang='lat' dir='ltr'><strong>cum</strong></span> <span class='ocrx_word' id='word_1_14' title='bbox 664 758 745 821; x_wconf 88' lang='lat' dir='ltr'><strong>rege</strong></span> <span class='ocrx_word' id='word_1_15' title='bbox 782 757 899 802; x_wconf 89' lang='lat' dir='ltr'><strong>eorum</strong></span> <span class='ocrx_word' id='word_1_16' title='bbox 942 756 1005 819; x_wconf 85' lang='lat' dir='ltr'><strong>per</strong></span> <span class='ocrx_word' id='word_1_17' title='bbox 1038 755 1163 820; x_wconf 72' lang='lat' dir='ltr'><strong>papam</strong></span> <span class='ocrx_word' id='word_1_18' title='bbox 1180 716 1329 782; x_wconf 64' lang='lat' dir='ltr'><em>Q</em></span> 
     </span>
    </p>
   </div>
   <div class='ocr_carea' id='block_1_3' title="bbox 215 799 1324 918">
    <p class='ocr_par' dir='ltr' id='par_1_3' title="bbox 215 799 1324 918">
     <span class='ocr_line' id='line_1_4' title="bbox 215 799 1324 918; baseline 0.003 -20"><span class='ocrx_word' id='word_1_19' title='bbox 215 835 442 908; x_wconf 75' lang='lat' dir='ltr'><strong>Berisamum,</strong></span> <span class='ocrx_word' id='word_1_20' title='bbox 460 846 495 901; x_wconf 88' lang='lat' dir='ltr'><strong>et</strong></span> <span class='ocrx_word' id='word_1_21' title='bbox 518 844 611 901; x_wconf 89' lang='lat' dir='ltr'><strong>terra</strong></span> <span class='ocrx_word' id='word_1_22' title='bbox 636 858 753 902; x_wconf 87' lang='lat' dir='ltr'><strong>eorum</strong></span> <span class='ocrx_word' id='word_1_23' title='bbox 777 837 1011 914; x_wconf 76' lang='lat' dir='ltr'><strong>ecclesiastico</strong></span> <span class='ocrx_word' id='word_1_24' title='bbox 1033 855 1163 918; x_wconf 89' lang='lat' dir='ltr'><strong>suppo·</strong></span> <span class='ocrx_word' id='word_1_25' title='bbox 1177 799 1324 888; x_wconf 45' lang='lat' dir='ltr'><strong>{ww</strong></span> 
     </span>
    </p>
   </div>
   <div class='ocr_carea' id='block_1_4' title="bbox 1176 899 1321 938">
    <p class='ocr_par' dir='ltr' id='par_1_4' title="bbox 1176 899 1321 938">
     <span class='ocr_line' id='line_1_5' title="bbox 1176 899 1321 938; baseline 0.007 -1"><span class='ocrx_word' id='word_1_26' title='bbox 1176 899 1321 938; x_wconf 80' lang='lat' dir='ltr'><strong>communire-</strong></span> 
     </span>
    </p>
   </div>
   <div class='ocr_carea' id='block_1_5' title="bbox 212 934 1314 1018">
    <p class='ocr_par' dir='ltr' id='par_1_5' title="bbox 212 934 1314 1018">
     <span class='ocr_line' id='line_1_6' title="bbox 212 934 1314 1018; baseline 0.001 -21"><span class='ocrx_word' id='word_1_27' title='bbox 212 934 281 998; x_wconf 88' lang='lat' dir='ltr'><strong>sita</strong></span> <span class='ocrx_word' id='word_1_28' title='bbox 304 935 498 1000; x_wconf 86' lang='lat' dir='ltr'><strong>interdicto.</strong></span> <span class='ocrx_word' id='word_1_29' title='bbox 552 937 634 1000; x_wconf 81' lang='lat' dir='ltr'><strong>Rex</strong></span> <span class='ocrx_word' id='word_1_30' title='bbox 658 939 748 1001; x_wconf 90' lang='lat' dir='ltr'><strong>enim</strong></span> <span class='ocrx_word' id='word_1_31' title='bbox 779 937 938 1004; x_wconf 84' lang='lat' dir='ltr'><strong>Franciae</strong></span> <span class='ocrx_word' id='word_1_32' title='bbox 961 936 1164 1018; x_wconf 84' lang='lat' dir='ltr'><strong>praebendas</strong></span> <span class='ocrx_word' id='word_1_33' title='bbox 1176 948 1314 996; x_wconf 46' lang='lat' dir='ltr'><strong>ananau.</strong></span> 
     </span>
    </p>
   </div>
   <div class='ocr_carea' id='block_1_6' title="bbox 1175 998 1279 1047">
    <p class='ocr_par' dir='ltr' id='par_1_6' title="bbox 1175 998 1279 1047">
     <span class='ocr_line' id='line_1_7' title="bbox 1175 998 1279 1047; baseline 0 -11"><span class='ocrx_word' id='word_1_34' title='bbox 1175 998 1279 1047; x_wconf 76' lang='lat' dir='ltr'><strong>kingdom</strong></span> 
     </span>
    </p>
   </div>
   <div class='ocr_carea' id='block_1_7' title="bbox 213 1034 1296 2996">
    <p class='ocr_par' dir='ltr' id='par_1_7' title="bbox 213 1034 1296 2996">
     <span class='ocr_line' id='line_1_8' title="bbox 213 1034 1296 1138; baseline 0.003 -42"><span class='ocrx_word' id='word_1_35' title='bbox 213 1041 249 1096; x_wconf 88' lang='lat' dir='ltr'><strong>et</strong></span> <span class='ocrx_word' id='word_1_36' title='bbox 265 1034 455 1114; x_wconf 84' lang='lat' dir='ltr'><strong>dignitates</strong></span> <span class='ocrx_word' id='word_1_37' title='bbox 470 1035 659 1101; x_wconf 90' lang='lat' dir='ltr'><strong>electorum</strong></span> <span class='ocrx_word' id='word_1_38' title='bbox 676 1045 778 1100; x_wconf 84' lang='lat' dir='ltr'><strong>terrae</strong></span> <span class='ocrx_word' id='word_1_39' title='bbox 799 1055 885 1112; x_wconf 83' lang='lat' dir='ltr'><strong>suae,</strong></span> <span class='ocrx_word' id='word_1_40' title='bbox 900 1035 960 1117; x_wconf 93' lang='lat' dir='ltr'><strong>qui</strong></span> <span class='ocrx_word' id='word_1_41' title='bbox 980 1035 1162 1099; x_wconf 86' lang='lat' dir='ltr'><strong>confirma·</strong></span> <span class='ocrx_word' id='word_1_42' title='bbox 1175 1048 1296 1138; x_wconf 56' lang='lat' dir='ltr'><strong>fflssfflff</strong></span> 
     </span>
     <span class='ocr_line' id='line_1_9' title="bbox 213 1125 1283 1215; baseline 0.003 -21"><span class='ocrx_word' id='word_1_43' title='bbox 213 1133 341 1197; x_wconf 78' lang='lat' dir='ltr'><strong>bantur</strong></span> <span class='ocrx_word' id='word_1_44' title='bbox 359 1140 395 1197; x_wconf 89' lang='lat' dir='ltr'><strong>et</strong></span> <span class='ocrx_word' id='word_1_45' title='bbox 417 1135 709 1199; x_wconf 88' lang='lat' dir='ltr'><strong>consecrabantur</strong></span> <span class='ocrx_word' id='word_1_46' title='bbox 725 1135 760 1197; x_wconf 91' lang='lat' dir='ltr'><strong>in</strong></span> <span class='ocrx_word' id='word_1_47' title='bbox 776 1135 883 1210; x_wconf 89' lang='lat' dir='ltr'><strong>curia,</strong></span> <span class='ocrx_word' id='word_1_48' title='bbox 898 1153 986 1215; x_wconf 89' lang='lat' dir='ltr'><strong>quas</strong></span> <span class='ocrx_word' id='word_1_49' title='bbox 1003 1134 1162 1199; x_wconf 89' lang='lat' dir='ltr'><strong>dominus</strong></span> <span class='ocrx_word' id='word_1_50' title='bbox 1278 1125 1283 1136; x_wconf 83' lang='lat'>&#39;</span> 
     </span>
     <span class='ocr_line' id='line_1_10' title="bbox 213 1233 1163 1316; baseline 0.002 -21"><span class='ocrx_word' id='word_1_51' title='bbox 213 1251 306 1315; x_wconf 91' lang='lat' dir='ltr'><strong>papa</strong></span> <span class='ocrx_word' id='word_1_52' title='bbox 334 1252 469 1316; x_wconf 81' lang='lat' dir='ltr'>semper</span> <span class='ocrx_word' id='word_1_53' title='bbox 499 1233 656 1296; x_wconf 89' lang='lat' dir='ltr'><strong>conferre</strong></span> <span class='ocrx_word' id='word_1_54' title='bbox 689 1242 934 1309; x_wconf 63' lang='lat' dir='ltr'><strong>consueverat,</strong></span> <span class='ocrx_word' id='word_1_55' title='bbox 962 1234 1038 1315; x_wconf 89' lang='lat' dir='ltr'><strong>ipse</strong></span> <span class='ocrx_word' id='word_1_56' title='bbox 1072 1253 1163 1297; x_wconf 89' lang='lat' dir='ltr'><strong>novo</strong></span> 
     </span>
     <span class='ocr_line' id='line_1_11' title="bbox 215 1330 1163 1416; baseline 0.002 -23"><span class='ocrx_word' id='word_1_57' title='bbox 215 1350 309 1396; x_wconf 89' lang='lat' dir='ltr'><strong>more</strong></span> <span class='ocrx_word' id='word_1_58' title='bbox 326 1330 409 1396; x_wconf 88' lang='lat' dir='ltr'><strong>dare</strong></span> <span class='ocrx_word' id='word_1_59' title='bbox 426 1332 537 1396; x_wconf 89' lang='lat' dir='ltr'><strong>voluit</strong></span> <span class='ocrx_word' id='word_1_60' title='bbox 552 1340 587 1396; x_wconf 91' lang='lat' dir='ltr'><strong>et</strong></span> <span class='ocrx_word' id='word_1_61' title='bbox 602 1332 717 1412; x_wconf 83' lang='lat' dir='ltr'><strong>dedit3</strong></span> <span class='ocrx_word' id='word_1_62' title='bbox 741 1331 987 1416; x_wconf 89' lang='lat' dir='ltr'><strong>propterquod</strong></span> <span class='ocrx_word' id='word_1_63' title='bbox 1004 1333 1163 1396; x_wconf 86' lang='lat' dir='ltr'><strong>dominus</strong></span> 
     </span>
     <span class='ocr_line' id='line_1_12' title="bbox 213 1430 1163 1512; baseline 0.001 -20"><span class='ocrx_word' id='word_1_64' title='bbox 213 1449 306 1512; x_wconf 90' lang='lat' dir='ltr'><strong>papa</strong></span> <span class='ocrx_word' id='word_1_65' title='bbox 328 1431 439 1512; x_wconf 90' lang='lat' dir='ltr'><strong>primo</strong></span> <span class='ocrx_word' id='word_1_66' title='bbox 472 1439 507 1496; x_wconf 92' lang='lat' dir='ltr'><strong>ct</strong></span> <span class='ocrx_word' id='word_1_67' title='bbox 533 1430 684 1496; x_wconf 90' lang='lat' dir='ltr'><strong>secundo</strong></span> <span class='ocrx_word' id='word_1_68' title='bbox 711 1432 844 1496; x_wconf 89' lang='lat' dir='ltr'><strong>monuit</strong></span> <span class='ocrx_word' id='word_1_69' title='bbox 867 1449 947 1497; x_wconf 84' lang='lat' dir='ltr'><strong>euru</strong></span> <span class='ocrx_word' id='word_1_70' title='bbox 975 1438 1015 1495; x_wconf 88' lang='lat' dir='ltr'><strong>ut</strong></span> <span class='ocrx_word' id='word_1_71' title='bbox 1040 1432 1085 1494; x_wconf 91' lang='lat' dir='ltr'><strong>ab</strong></span> <span class='ocrx_word' id='word_1_72' title='bbox 1113 1431 1163 1493; x_wconf 88' lang='lat' dir='ltr'><strong>in-</strong></span> 
     </span>
     <span class='ocr_line' id='line_1_13' title="bbox 213 1525 1164 1613; baseline 0.006 -21"><span class='ocrx_word' id='word_1_73' title='bbox 213 1537 314 1613; x_wconf 91' lang='lat' dir='ltr'><strong>cepto</strong></span> <span class='ocrx_word' id='word_1_74' title='bbox 348 1549 464 1594; x_wconf 88' lang='lat' dir='ltr'><strong>errore</strong></span> <span class='ocrx_word' id='word_1_75' title='bbox 500 1530 692 1606; x_wconf 80' lang='lat' dir='ltr'><strong>desisteret,</strong></span> <span class='ocrx_word' id='word_1_76' title='bbox 738 1537 773 1594; x_wconf 92' lang='lat' dir='ltr'><strong>et</strong></span> <span class='ocrx_word' id='word_1_77' title='bbox 811 1550 880 1594; x_wconf 90' lang='lat' dir='ltr'><strong>non</strong></span> <span class='ocrx_word' id='word_1_78' title='bbox 915 1525 1164 1612; x_wconf 81' lang='lat' dir='ltr'><strong>aggrederetur</strong></span> 
     </span>
     <span class='ocr_line' id='line_1_14' title="bbox 214 1628 1163 1712; baseline 0 -21"><span class='ocrx_word' id='word_1_79' title='bbox 214 1629 310 1705; x_wconf 88' lang='lat' dir='ltr'><strong>talia,</strong></span> <span class='ocrx_word' id='word_1_80' title='bbox 334 1629 370 1691; x_wconf 90' lang='lat' dir='ltr'><strong>in</strong></span> <span class='ocrx_word' id='word_1_81' title='bbox 399 1630 588 1712; x_wconf 88' lang='lat' dir='ltr'><strong>pericnlum</strong></span> <span class='ocrx_word' id='word_1_82' title='bbox 615 1632 739 1693; x_wconf 84' lang='lat' dir='ltr'><strong>animae</strong></span> <span class='ocrx_word' id='word_1_83' title='bbox 765 1647 839 1692; x_wconf 85' lang='lat' dir='ltr'><strong>suae</strong></span> <span class='ocrx_word' id='word_1_84' title='bbox 863 1638 898 1693; x_wconf 89' lang='lat' dir='ltr'><strong>et</strong></span> <span class='ocrx_word' id='word_1_85' title='bbox 922 1628 1163 1712; x_wconf 68' lang='lat' dir='ltr'><strong>prejudicium</strong></span> 
     </span>
     <span class='ocr_line' id='line_1_15' title="bbox 216 1726 1164 1810; baseline 0 -20"><span class='ocrx_word' id='word_1_86' title='bbox 216 1726 384 1792; x_wconf 86' lang='lat' dir='ltr'><strong>Romanae</strong></span> <span class='ocrx_word' id='word_1_87' title='bbox 403 1729 557 1793; x_wconf 83' lang='lat' dir='ltr'><strong>ecciesiae</strong></span> <span class='ocrx_word' id='word_1_88' title='bbox 575 1730 797 1794; x_wconf 83' lang='lat' dir='ltr'><strong>matrissuae.</strong></span> <span class='ocrx_word' id='word_1_89' title='bbox 838 1727 904 1791; x_wconf 89' lang='lat' dir='ltr'><strong>Sed</strong></span> <span class='ocrx_word' id='word_1_90' title='bbox 924 1729 1007 1810; x_wconf 90' lang='lat' dir='ltr'><strong>quia</strong></span> <span class='ocrx_word' id='word_1_91' title='bbox 1024 1727 1164 1792; x_wconf 89' lang='lat' dir='ltr'><strong>monitis</strong></span> 
     </span>
     <span class='ocr_line' id='line_1_16' title="bbox 214 1827 1163 1909; baseline -0.001 -20"><span class='ocrx_word' id='word_1_92' title='bbox 214 1845 335 1908; x_wconf 88' lang='lat' dir='ltr'><strong>parere</strong></span> <span class='ocrx_word' id='word_1_93' title='bbox 351 1827 475 1905; x_wconf 89' lang='lat' dir='ltr'><strong>uoluit,</strong></span> <span class='ocrx_word' id='word_1_94' title='bbox 494 1827 586 1891; x_wconf 88' lang='lat' dir='ltr'><strong>misit</strong></span> <span class='ocrx_word' id='word_1_95' title='bbox 602 1829 740 1892; x_wconf 87' lang='lat' dir='ltr'><strong>tandem</strong></span> <span class='ocrx_word' id='word_1_96' title='bbox 760 1845 852 1909; x_wconf 88' lang='lat' dir='ltr'><strong>papa</strong></span> <span class='ocrx_word' id='word_1_97' title='bbox 869 1827 1163 1908; x_wconf 89' lang='lat' dir='ltr'><strong>archiepiscopum</strong></span> 
     </span>
     <span class='ocr_line' id='line_1_17' title="bbox 214 1923 1163 2003; baseline 0 -17"><span class='ocrx_word' id='word_1_98' title='bbox 214 1923 256 1988; x_wconf 90' lang='lat' dir='ltr'><strong>de</strong></span> <span class='ocrx_word' id='word_1_99' title='bbox 282 1925 458 2003; x_wconf 82' lang='lat' dir='ltr'><strong>Narbone,</strong></span> <span class='ocrx_word' id='word_1_100' title='bbox 485 1946 562 1990; x_wconf 89' lang='lat' dir='ltr'><strong>cum</strong></span> <span class='ocrx_word' id='word_1_101' title='bbox 591 1927 769 1990; x_wconf 88' lang='lat' dir='ltr'><strong>coercione</strong></span> <span class='ocrx_word' id='word_1_102' title='bbox 797 1926 976 2000; x_wconf 88' lang='lat' dir='ltr'><strong>canonica,</strong></span> <span class='ocrx_word' id='word_1_103' title='bbox 1005 1931 1045 1988; x_wconf 87' lang='lat' dir='ltr'><strong>ut</strong></span> <span class='ocrx_word' id='word_1_104' title='bbox 1069 1944 1163 1988; x_wconf 88' lang='lat' dir='ltr'><strong>com-</strong></span> 
     </span>
     <span class='ocr_line' id='line_1_18' title="bbox 215 2022 1163 2106; baseline 0 -20"><span class='ocrx_word' id='word_1_105' title='bbox 215 2024 359 2105; x_wconf 88' lang='lat' dir='ltr'><strong>pelleret</strong></span> <span class='ocrx_word' id='word_1_106' title='bbox 376 2044 454 2088; x_wconf 89' lang='lat' dir='ltr'><strong>eum</strong></span> <span class='ocrx_word' id='word_1_107' title='bbox 476 2032 511 2090; x_wconf 89' lang='lat' dir='ltr'><strong>et</strong></span> <span class='ocrx_word' id='word_1_108' title='bbox 529 2033 702 2091; x_wconf 86' lang='lat' dir='ltr'><strong>errantem</strong></span> <span class='ocrx_word' id='word_1_109' title='bbox 720 2025 930 2106; x_wconf 88' lang='lat' dir='ltr'><strong>reprimeret.</strong></span> <span class='ocrx_word' id='word_1_110' title='bbox 984 2022 1086 2102; x_wconf 83' lang='lat' dir='ltr'><strong>Quod</strong></span> <span class='ocrx_word' id='word_1_111' title='bbox 1105 2043 1163 2087; x_wconf 86' lang='lat' dir='ltr'><strong>au·</strong></span> 
     </span>
     <span class='ocr_line' id='line_1_19' title="bbox 214 2122 1163 2207; baseline -0.002 -21"><span class='ocrx_word' id='word_1_112' title='bbox 214 2122 311 2187; x_wconf 85' lang='lat' dir='ltr'><strong>diens</strong></span> <span class='ocrx_word' id='word_1_113' title='bbox 330 2143 406 2200; x_wconf 86' lang='lat' dir='ltr'><strong>rex,</strong></span> <span class='ocrx_word' id='word_1_114' title='bbox 418 2125 528 2188; x_wconf 86' lang='lat' dir='ltr'><strong>iratus</strong></span> <span class='ocrx_word' id='word_1_115' title='bbox 543 2131 608 2201; x_wconf 89' lang='lat' dir='ltr'><strong>est,</strong></span> <span class='ocrx_word' id='word_1_116' title='bbox 620 2132 656 2189; x_wconf 93' lang='lat' dir='ltr'><strong>et</strong></span> <span class='ocrx_word' id='word_1_117' title='bbox 665 2123 773 2207; x_wconf 86' lang='lat' dir='ltr'><strong>jussit</strong></span> <span class='ocrx_word' id='word_1_118' title='bbox 786 2143 866 2186; x_wconf 87' lang='lat' dir='ltr'><strong>enm</strong></span> <span class='ocrx_word' id='word_1_119' title='bbox 884 2123 1019 2186; x_wconf 89' lang='lat' dir='ltr'><strong>humari</strong></span> <span class='ocrx_word' id='word_1_120' title='bbox 1035 2124 1163 2187; x_wconf 88' lang='lat' dir='ltr'><strong>vivum.</strong></span> 
     </span>
     <span class='ocr_line' id='line_1_20' title="bbox 217 2222 1166 2306; baseline -0.003 -20"><span class='ocrx_word' id='word_1_121' title='bbox 217 2222 264 2286; x_wconf 87' lang='lat' dir='ltr'><strong>Et</strong></span> <span class='ocrx_word' id='word_1_122' title='bbox 289 2231 482 2287; x_wconf 82' lang='lat' dir='ltr'><strong>commotus</strong></span> <span class='ocrx_word' id='word_1_123' title='bbox 507 2231 560 2287; x_wconf 89' lang='lat' dir='ltr'><strong>est</strong></span> <span class='ocrx_word' id='word_1_124' title='bbox 582 2242 674 2306; x_wconf 92' lang='lat' dir='ltr'><strong>papa</strong></span> <span class='ocrx_word' id='word_1_125' title='bbox 693 2223 728 2285; x_wconf 89' lang='lat' dir='ltr'><strong>in</strong></span> <span class='ocrx_word' id='word_1_126' title='bbox 751 2222 817 2287; x_wconf 92' lang='lat' dir='ltr'><strong>hoc</strong></span> <span class='ocrx_word' id='word_1_127' title='bbox 839 2223 946 2297; x_wconf 85' lang='lat' dir='ltr'><strong>facto,</strong></span> <span class='ocrx_word' id='word_1_128' title='bbox 963 2229 999 2286; x_wconf 93' lang='lat' dir='ltr'><strong>et</strong></span> <span class='ocrx_word' id='word_1_129' title='bbox 1021 2240 1084 2302; x_wconf 92' lang='lat' dir='ltr'><strong>pro</strong></span> <span class='ocrx_word' id='word_1_130' title='bbox 1112 2222 1166 2284; x_wconf 84' lang='lat' dir='ltr'><strong>in·</strong></span> 
     </span>
     <span class='ocr_line' id='line_1_21' title="bbox 217 2321 1164 2405; baseline 0 -21"><span class='ocrx_word' id='word_1_131' title='bbox 217 2321 452 2385; x_wconf 89' lang='lat' dir='ltr'><strong>carceratione</strong></span> <span class='ocrx_word' id='word_1_132' title='bbox 484 2322 588 2385; x_wconf 90' lang='lat' dir='ltr'><strong>etiam</strong></span> <span class='ocrx_word' id='word_1_133' title='bbox 616 2322 831 2405; x_wconf 85' lang='lat' dir='ltr'><strong>quorundam</strong></span> <span class='ocrx_word' id='word_1_134' title='bbox 860 2323 1103 2405; x_wconf 87' lang='lat' dir='ltr'><strong>episcoporum</strong></span> <span class='ocrx_word' id='word_1_135' title='bbox 1129 2329 1164 2384; x_wconf 92' lang='lat' dir='ltr'><strong>et</strong></span> 
     </span>
     <span class='ocr_line' id='line_1_22' title="bbox 213 2419 1165 2504; baseline 0 -22"><span class='ocrx_word' id='word_1_136' title='bbox 213 2420 486 2498; x_wconf 84' lang='lat' dir='ltr'><strong>clericorum,ita</strong></span> <span class='ocrx_word' id='word_1_137' title='bbox 500 2419 604 2502; x_wconf 85' lang='lat' dir='ltr'><strong>quod,</strong></span> <span class='ocrx_word' id='word_1_138' title='bbox 616 2421 836 2502; x_wconf 84' lang='lat' dir='ltr'><strong>exigentibus</strong></span> <span class='ocrx_word' id='word_1_139' title='bbox 849 2421 959 2504; x_wconf 90' lang='lat' dir='ltr'><strong>ipsius</strong></span> <span class='ocrx_word' id='word_1_140' title='bbox 975 2419 1165 2495; x_wconf 84' lang='lat' dir='ltr'><strong>demeritis,</strong></span> 
     </span>
     <span class='ocr_line' id='line_1_23' title="bbox 213 2518 1164 2603; baseline 0 -21"><span class='ocrx_word' id='word_1_141' title='bbox 213 2520 525 2583; x_wconf 85' lang='lat' dir='ltr'><strong>excommunicavit</strong></span> <span class='ocrx_word' id='word_1_142' title='bbox 547 2539 637 2596; x_wconf 89' lang='lat' dir='ltr'><strong>eum,</strong></span> <span class='ocrx_word' id='word_1_143' title='bbox 653 2527 689 2584; x_wconf 89' lang='lat' dir='ltr'><strong>et</strong></span> <span class='ocrx_word' id='word_1_144' title='bbox 710 2538 855 2601; x_wconf 88' lang='lat' dir='ltr'><strong>regnum</strong></span> <span class='ocrx_word' id='word_1_145' title='bbox 881 2519 956 2603; x_wconf 88' lang='lat' dir='ltr'><strong>ejus</strong></span> <span class='ocrx_word' id='word_1_146' title='bbox 982 2518 1164 2583; x_wconf 89' lang='lat' dir='ltr'><strong>ecclesias-</strong></span> 
     </span>
     <span class='ocr_line' id='line_1_24' title="bbox 214 2618 1164 2701; baseline -0.001 -20"><span class='ocrx_word' id='word_1_147' title='bbox 214 2619 284 2681; x_wconf 90' lang='lat' dir='ltr'><strong>tico</strong></span> <span class='ocrx_word' id='word_1_148' title='bbox 310 2618 493 2701; x_wconf 89' lang='lat' dir='ltr'><strong>supposuit</strong></span> <span class='ocrx_word' id='word_1_149' title='bbox 519 2619 714 2683; x_wconf 88' lang='lat' dir='ltr'><strong>interdicto.</strong></span> <span class='ocrx_word' id='word_1_150' title='bbox 767 2618 855 2682; x_wconf 89' lang='lat' dir='ltr'><strong>Post</strong></span> <span class='ocrx_word' id='word_1_151' title='bbox 881 2626 1025 2683; x_wconf 86' lang='lat' dir='ltr'><strong>mortem</strong></span> <span class='ocrx_word' id='word_1_152' title='bbox 1049 2625 1164 2682; x_wconf 89' lang='lat' dir='ltr'><strong>antem</strong></span> 
     </span>
     <span class='ocr_line' id='line_1_25' title="bbox 217 2717 1167 2800; baseline 0 -20"><span class='ocrx_word' id='word_1_153' title='bbox 217 2717 388 2781; x_wconf 86' lang='lat' dir='ltr'><strong>Boniiacii</strong></span> <span class='ocrx_word' id='word_1_154' title='bbox 405 2737 519 2800; x_wconf 85' lang='lat' dir='ltr'><strong>papae,</strong></span> <span class='ocrx_word' id='word_1_155' title='bbox 541 2718 696 2800; x_wconf 85' lang='lat' dir='ltr'><strong>praestito</strong></span> <span class='ocrx_word' id='word_1_156' title='bbox 713 2726 930 2782; x_wconf 86' lang='lat' dir='ltr'><strong>sacramento</strong></span> <span class='ocrx_word' id='word_1_157' title='bbox 948 2717 1040 2800; x_wconf 91' lang='lat' dir='ltr'><strong>quod</strong></span> <span class='ocrx_word' id='word_1_158' title='bbox 1058 2723 1167 2780; x_wconf 87' lang='lat' dir='ltr'><strong>steret</strong></span> 
     </span>
     <span class='ocr_line' id='line_1_26' title="bbox 215 2816 1164 2899; baseline 0 -21"><span class='ocrx_word' id='word_1_159' title='bbox 215 2817 386 2880; x_wconf 89' lang='lat' dir='ltr'><strong>mandatis</strong></span> <span class='ocrx_word' id='word_1_160' title='bbox 404 2817 572 2892; x_wconf 85' lang='lat' dir='ltr'><strong>ecclesiae,</strong></span> <span class='ocrx_word' id='word_1_161' title='bbox 588 2835 651 2898; x_wconf 88' lang='lat' dir='ltr'><strong>per</strong></span> <span class='ocrx_word' id='word_1_162' title='bbox 672 2834 799 2899; x_wconf 91' lang='lat' dir='ltr'><strong>papam</strong></span> <span class='ocrx_word' id='word_1_163' title='bbox 820 2816 1044 2880; x_wconf 87' lang='lat' dir='ltr'><strong>Benedictnm</strong></span> <span class='ocrx_word' id='word_1_164' title='bbox 1062 2816 1164 2879; x_wconf 90' lang='lat' dir='ltr'><strong>abso·</strong></span> 
     </span>
     <span class='ocr_line' id='line_1_27' title="bbox 215 2914 1168 2996; baseline -0.001 -19"><span class='ocrx_word' id='word_1_165' title='bbox 215 2914 310 2979; x_wconf 86' lang='lat' dir='ltr'><strong>lutus</strong></span> <span class='ocrx_word' id='word_1_166' title='bbox 327 2921 393 2990; x_wconf 90' lang='lat' dir='ltr'><strong>est,</strong></span> <span class='ocrx_word' id='word_1_167' title='bbox 411 2915 472 2996; x_wconf 91' lang='lat' dir='ltr'><strong>qui</strong></span> <span class='ocrx_word' id='word_1_168' title='bbox 493 2915 563 2977; x_wconf 86' lang='lat' dir='ltr'><strong>cito</strong></span> <span class='ocrx_word' id='word_1_169' title='bbox 581 2914 678 2990; x_wconf 90' lang='lat' dir='ltr'><strong>obiit,</strong></span> <span class='ocrx_word' id='word_1_170' title='bbox 696 2921 730 2978; x_wconf 91' lang='lat' dir='ltr'><strong>et</strong></span> <span class='ocrx_word' id='word_1_171' title='bbox 748 2915 877 2978; x_wconf 90' lang='lat' dir='ltr'><strong>crimen</strong></span> <span class='ocrx_word' id='word_1_172' title='bbox 894 2915 985 2996; x_wconf 87' lang='lat' dir='ltr'><strong>regis</strong></span> <span class='ocrx_word' id='word_1_173' title='bbox 1003 2914 1168 2976; x_wconf 87' lang='lat' dir='ltr'><strong>remansit</strong></span> 
     </span>
    </p>
   </div>
   <div class='ocr_carea' id='block_1_8' title="bbox 216 3013 699 3096">
    <p class='ocr_par' dir='ltr' id='par_1_8' title="bbox 216 3013 699 3096">
     <span class='ocr_line' id='line_1_28' title="bbox 216 3013 699 3096; baseline -0.004 -20"><span class='ocrx_word' id='word_1_174' title='bbox 216 3014 468 3096; x_wconf 89' lang='lat' dir='ltr'><strong>subsequenter</strong></span> <span class='ocrx_word' id='word_1_175' title='bbox 482 3013 699 3095; x_wconf 88' lang='lat' dir='ltr'><strong>impunitum.</strong></span> 
     </span>
    </p>
   </div>
   <div class='ocr_carea' id='block_1_9' title="bbox 303 3217 1077 3308">
    <p class='ocr_par' dir='ltr' id='par_1_9' title="bbox 303 3217 1077 3308">
     <span class='ocr_line' id='line_1_29' title="bbox 303 3217 1077 3308; baseline -0.003 -20"><span class='ocrx_word' id='word_1_176' title='bbox 303 3226 406 3289; x_wconf 70' lang='lat' dir='ltr'><strong>Caura</strong></span> <span class='ocrx_word' id='word_1_177' title='bbox 420 3224 627 3289; x_wconf 75' lang='lat' dir='ltr'><strong>Dissonriouis</strong></span> <span class='ocrx_word' id='word_1_178' title='bbox 642 3224 724 3287; x_wconf 77' lang='lat' dir='ltr'><strong>iuter</strong></span> <span class='ocrx_word' id='word_1_179' title='bbox 738 3223 849 3308; x_wconf 77' lang='lat' dir='ltr'><strong>Rapere</strong></span> <span class='ocrx_word' id='word_1_180' title='bbox 863 3231 892 3286; x_wconf 80' lang='lat' dir='ltr'><strong>et</strong></span> <span class='ocrx_word' id='word_1_181' title='bbox 908 3217 1077 3287; x_wconf 63' lang='lat' dir='ltr'><strong>Conantem.¹</strong></span> 
     </span>
    </p>
   </div>
   <div class='ocr_carea' id='block_1_10' title="bbox 267 3397 1331 3480">
    <p class='ocr_par' dir='ltr' id='par_1_10' title="bbox 267 3397 1331 3480">
     <span class='ocr_line' id='line_1_30' title="bbox 267 3397 1331 3480; baseline -0.006 -15"><span class='ocrx_word' id='word_1_182' title='bbox 267 3400 384 3465; x_wconf 85' lang='lat' dir='ltr'><strong>Causa</strong></span> <span class='ocrx_word' id='word_1_183' title='bbox 426 3407 461 3468; x_wconf 89' lang='lat' dir='ltr'><strong>et</strong></span> <span class='ocrx_word' id='word_1_184' title='bbox 504 3397 727 3462; x_wconf 85' lang='lat' dir='ltr'><strong>dissensionis</strong></span> <span class='ocrx_word' id='word_1_185' title='bbox 767 3397 866 3477; x_wconf 89' lang='lat' dir='ltr'><strong>origo</strong></span> <span class='ocrx_word' id='word_1_186' title='bbox 911 3397 1001 3459; x_wconf 90' lang='lat' dir='ltr'><strong>inter</strong></span> <span class='ocrx_word' id='word_1_187' title='bbox 1050 3415 1167 3477; x_wconf 87' lang='lat' dir='ltr'><strong>regem</strong></span> <span class='ocrx_word' id='word_1_188' title='bbox 1180 3432 1331 3480; x_wconf 47' lang='lat' dir='ltr'><strong>omnm,</strong></span> 
     </span>
    </p>
   </div>
   <div class='ocr_carea' id='block_1_11' title="bbox 220 3484 1328 3582">
    <p class='ocr_par' dir='ltr' id='par_1_11' title="bbox 220 3484 1328 3582">
     <span class='ocr_line' id='line_1_31' title="bbox 220 3484 1328 3582; baseline -0.005 -17"><span class='ocrx_word' id='word_1_189' title='bbox 220 3499 376 3566; x_wconf 84' lang='lat' dir='ltr'><strong>Franciae</strong></span> <span class='ocrx_word' id='word_1_190' title='bbox 394 3506 428 3562; x_wconf 88' lang='lat' dir='ltr'><strong>et</strong></span> <span class='ocrx_word' id='word_1_191' title='bbox 452 3497 655 3580; x_wconf 82' lang='lat' dir='ltr'><strong>praedictum</strong></span> <span class='ocrx_word' id='word_1_192' title='bbox 674 3495 835 3559; x_wconf 88' lang='lat' dir='ltr'><strong>comitem</strong></span> <span class='ocrx_word' id='word_1_193' title='bbox 860 3502 937 3560; x_wconf 88' lang='lat' dir='ltr'><strong>erat</strong></span> <span class='ocrx_word' id='word_1_194' title='bbox 953 3495 1034 3560; x_wconf 85' lang='lat' dir='ltr'><strong>ista.</strong></span> <span class='ocrx_word' id='word_1_195' title='bbox 1088 3494 1167 3558; x_wconf 86' lang='lat' dir='ltr'><strong>Rex</strong></span> <span class='ocrx_word' id='word_1_196' title='bbox 1180 3484 1328 3582; x_wconf 53' lang='lat' dir='ltr'><strong>&#39;iiim&#39;</strong></span> 
     </span>
    </p>
   </div>
   <div class='ocr_carea' id='block_1_12' title="bbox 217 3581 1329 3884">
    <p class='ocr_par' dir='ltr' id='par_1_12' title="bbox 217 3581 1329 3884">
     <span class='ocr_line' id='line_1_32' title="bbox 220 3581 1329 3681; baseline -0.006 -19"><span class='ocrx_word' id='word_1_197' title='bbox 220 3598 434 3681; x_wconf 86' lang='lat' dir='ltr'><strong>profecturus</strong></span> <span class='ocrx_word' id='word_1_198' title='bbox 456 3598 492 3660; x_wconf 92' lang='lat' dir='ltr'><strong>in</strong></span> <span class='ocrx_word' id='word_1_199' title='bbox 512 3595 733 3677; x_wconf 85' lang='lat' dir='ltr'><strong>Hispaniam,</strong></span> <span class='ocrx_word' id='word_1_200' title='bbox 751 3602 787 3659; x_wconf 89' lang='lat' dir='ltr'><strong>et</strong></span> <span class='ocrx_word' id='word_1_201' title='bbox 812 3596 1062 3676; x_wconf 88' lang='lat' dir='ltr'><strong>subsequenter</strong></span> <span class='ocrx_word' id='word_1_202' title='bbox 1086 3612 1168 3657; x_wconf 92' lang='lat' dir='ltr'><strong>con·</strong></span> <span class='ocrx_word' id='word_1_203' title='bbox 1181 3581 1329 3672; x_wconf 53' lang='lat' dir='ltr'><strong>ffifflf⁰‘</strong></span> 
     </span>
     <span class='ocr_line' id='line_1_33' title="bbox 217 3694 1170 3778; baseline -0.004 -17"><span class='ocrx_word' id='word_1_204' title='bbox 217 3705 272 3761; x_wconf 89' lang='lat' dir='ltr'><strong>tra</strong></span> <span class='ocrx_word' id='word_1_205' title='bbox 301 3717 417 3778; x_wconf 89' lang='lat' dir='ltr'><strong>regem</strong></span> <span class='ocrx_word' id='word_1_206' title='bbox 438 3694 673 3777; x_wconf 84' lang='lat' dir='ltr'><strong>Arragonum,</strong></span> <span class='ocrx_word' id='word_1_207' title='bbox 698 3694 787 3758; x_wconf 91' lang='lat' dir='ltr'><strong>inter</strong></span> <span class='ocrx_word' id='word_1_208' title='bbox 814 3700 960 3757; x_wconf 84' lang='lat' dir='ltr'><strong>caeteros</strong></span> <span class='ocrx_word' id='word_1_209' title='bbox 987 3700 1170 3775; x_wconf 83' lang='lat' dir='ltr'><strong>magnates</strong></span> 
     </span>
     <span class='ocr_line' id='line_1_34' title="bbox 217 3791 1170 3884; baseline -0.004 -24"><span class='ocrx_word' id='word_1_210' title='bbox 217 3796 356 3862; x_wconf 88' lang='lat' dir='ltr'><strong>vocavit</strong></span> <span class='ocrx_word' id='word_1_211' title='bbox 377 3797 489 3884; x_wconf 85' lang='lat' dir='ltr'><strong>ipsum</strong></span> <span class='ocrx_word' id='word_1_212' title='bbox 513 3794 686 3866; x_wconf 87' lang='lat' dir='ltr'><strong>comitem,</strong></span> <span class='ocrx_word' id='word_1_213' title='bbox 710 3800 750 3856; x_wconf 88' lang='lat' dir='ltr'><strong>ut</strong></span> <span class='ocrx_word' id='word_1_214' title='bbox 771 3792 951 3856; x_wconf 86' lang='lat' dir='ltr'><strong>servitium</strong></span> <span class='ocrx_word' id='word_1_215' title='bbox 977 3810 1077 3856; x_wconf 89' lang='lat' dir='ltr'><strong>suum</strong></span> <span class='ocrx_word' id='word_1_216' title='bbox 1104 3791 1170 3856; x_wconf 91' lang='lat' dir='ltr'><strong>sibi</strong></span> 
     </span>
    </p>
   </div>
   <div class='ocr_carea' id='block_1_13' title="bbox 218 3888 1171 3975">
    <p class='ocr_par' dir='ltr' id='par_1_13' title="bbox 218 3888 1171 3975">
     <span class='ocr_line' id='line_1_35' title="bbox 218 3888 1171 3975; baseline -0.003 -18"><span class='ocrx_word' id='word_1_217' title='bbox 218 3894 359 3970; x_wconf 89' lang='lat' dir='ltr'><strong>faceret,</strong></span> <span class='ocrx_word' id='word_1_218' title='bbox 391 3894 484 3975; x_wconf 92' lang='lat' dir='ltr'><strong>quod</strong></span> <span class='ocrx_word' id='word_1_219' title='bbox 515 3892 559 3956; x_wconf 89' lang='lat' dir='ltr'><strong>ad</strong></span> <span class='ocrx_word' id='word_1_220' title='bbox 593 3909 754 3973; x_wconf 89' lang='lat' dir='ltr'><strong>guerram</strong></span> <span class='ocrx_word' id='word_1_221' title='bbox 787 3889 992 3972; x_wconf 86' lang='lat' dir='ltr'><strong>pertinebat.</strong></span> <span class='ocrx_word' id='word_1_222' title='bbox 1046 3888 1171 3954; x_wconf 82' lang='lat' dir='ltr'><strong>Comes</strong></span> 
     </span>
    </p>
   </div>
   <div class='ocr_carea' id='block_1_14' title="bbox 219 4135 1172 4276">
    <p class='ocr_par' dir='ltr' id='par_1_14' title="bbox 219 4135 1172 4276">
     <span class='ocr_line' id='line_1_36' title="bbox 252 4135 1172 4204; baseline -0.005 -11"><span class='ocrx_word' id='word_1_223' title='bbox 252 4146 260 4174; x_wconf 78' lang='lat'>¹</span> <span class='ocrx_word' id='word_1_224' title='bbox 280 4145 329 4193; x_wconf 81' lang='lat' dir='ltr'><strong>For</strong></span> <span class='ocrx_word' id='word_1_225' title='bbox 341 4159 358 4193; x_wconf 89' lang='lat' dir='ltr'><strong>a</strong></span> <span class='ocrx_word' id='word_1_226' title='bbox 368 4144 466 4192; x_wconf 84' lang='lat' dir='ltr'><strong>further</strong></span> <span class='ocrx_word' id='word_1_227' title='bbox 482 4144 580 4204; x_wconf 86' lang='lat' dir='ltr'><strong>history</strong></span> <span class='ocrx_word' id='word_1_228' title='bbox 592 4141 621 4190; x_wconf 87' lang='lat' dir='ltr'><strong>oi</strong></span> <span class='ocrx_word' id='word_1_229' title='bbox 634 4142 705 4190; x_wconf 85' lang='lat' dir='ltr'><strong>these</strong></span> <span class='ocrx_word' id='word_1_230' title='bbox 717 4145 813 4202; x_wconf 82' lang='lat' dir='ltr'><strong>events,</strong></span> <span class='ocrx_word' id='word_1_231' title='bbox 826 4154 868 4188; x_wconf 83' lang='lat' dir='ltr'><strong>see</strong></span> <span class='ocrx_word' id='word_1_232' title='bbox 881 4135 959 4188; x_wconf 81' lang='lat' dir='ltr'><strong>L’Art</strong></span> <span class='ocrx_word' id='word_1_233' title='bbox 974 4140 1007 4188; x_wconf 88' lang='lat' dir='ltr'><strong>de</strong></span> <span class='ocrx_word' id='word_1_234' title='bbox 1018 4139 1124 4194; x_wconf 82' lang='lat' dir='ltr'><strong>Veriiier</strong></span> <span class='ocrx_word' id='word_1_235' title='bbox 1134 4140 1172 4188; x_wconf 87' lang='lat' dir='ltr'><strong>ies</strong></span> 
     </span>
     <span class='ocr_line' id='line_1_37' title="bbox 219 4215 449 4276; baseline 0 -14"><span class='ocrx_word' id='word_1_236' title='bbox 219 4215 311 4276; x_wconf 77' lang='lat' dir='ltr'><strong>Dares,</strong></span> <span class='ocrx_word' id='word_1_237' title='bbox 323 4215 379 4262; x_wconf 85' lang='lat' dir='ltr'><strong>xiii.</strong></span> <span class='ocrx_word' id='word_1_238' title='bbox 393 4218 449 4262; x_wconf 68' lang='lat'><strong>³25.</strong></span> 
     </span>
    </p>
   </div>
   <div class='ocr_carea' id='block_1_15' title="bbox 272 4324 1021 4383">
    <p class='ocr_par' dir='ltr' id='par_1_15' title="bbox 272 4324 1021 4383">
     <span class='ocr_line' id='line_1_38' title="bbox 272 4324 1021 4383; baseline 0.011 -8"><span class='ocrx_word' id='word_1_239' title='bbox 272 4330 351 4377; x_wconf 80' lang='lat' dir='ltr'><strong>vou.</strong></span> <span class='ocrx_word' id='word_1_240' title='bbox 369 4330 408 4377; x_wconf 88' lang='lat'><strong>11.</strong></span> <span class='ocrx_word' id='word_1_241' title='bbox 999 4324 1021 4383; x_wconf 82' lang='lat' dir='ltr'>Q</span> 
     </span>
    </p>
   </div>
   <div class='ocr_carea' id='block_1_16' title="bbox 0 0 1596 4992">
    <p class='ocr_par' dir='ltr' id='par_1_16' title="bbox 0 0 1596 4992">
     <span class='ocr_line' id='line_1_39' title="bbox 0 0 1596 4992; baseline 0 0"><span class='ocrx_word' id='word_1_242' title='bbox 0 0 1596 4992; x_wconf 95' lang='lat' dir='ltr'><strong> </strong></span> 
     </span>
    </p>
   </div>
  </div>
 </body>
</html>
