3126 4986
423 483 594 533 waurnar
619 487 666 532 nn
690 486 974 536 nnnrucnuncn.
1126 471 1170 533 49

213 640 328 706 suerat
357 644 459 720 enim,
486 651 527 707 ut
554 643 780 730 dictumest,
809 644 891 708 olim
915 650 1033 708 custos
1061 645 1169 708 totius
1193 659 1313 750 {⁶3⁸5}ss

213 746 315 805 terrae
329 742 516 807 Vaseoniae
530 763 576 806 ex
591 751 692 825 parte
708 744 801 824 regis
819 742 1003 825 Angliueet
1017 763 1166 808 eoscum
1181 739 1231 834 ᾗ
1239 740 1262 835 12,
1313 735 1320 750 ⁴

212 839 432 906 humanitate
449 849 674 908 tractaverat.
728 842 886 926 Cumque
909 844 1284 926 appropinqua-Garri·

214 947 266 1003 ret
281 941 417 1005 civitati
440 950 475 1005 et
491 949 605 1006 esseut
619 943 705 1006 certi
730 943 824 1006 cives
841 942 884 1006 de
906 943 982 1026 ejus
1004 943 1167 1020 adventu,

212 1038 389 1105 irruerunt
411 1042 576 1105 continuo
600 1043 636 1104 iu
662 1041 838 1122 regalibus
869 1042 1013 1105 Francis
1036 1042 1097 1123 qui
1122 1063 1166 1107 ex

212 1146 313 1222 parte
335 1142 427 1222 regis
452 1141 609 1205 Franciae
632 1141 911 1222 praeficiebantur
927 1141 990 1217 eiS,
1013 1149 1048 1205 et
1066 1143 1166 1206 caesis

213 1239 333 1302 multis
349 1260 395 1304 ex
414 1241 464 1304 eis
488 1241 603 1322 quiin
623 1241 766 1304 civitate
787 1241 935 1316 suerunt,
953 1240 1105 1323 reliquos
1129 1241 1165 1305 in

212 1339 375 1418 praesidio
405 1340 594 1404 fortissimo
625 1340 692 1404 loci
724 1340 878 1424 ejusdem
906 1335 1165 1417 concluserunt,

212 1457 342 1502 exosos
364 1441 454 1502 enim
474 1440 649 1503 habebant
665 1458 725 1502 eos
753 1459 794 1502 eo
818 1440 911 1523 quod
932 1440 1166 1504 abutebantur

213 1538 303 1601 male
313 1558 477 1603 concessa
487 1546 660 1622 potestate
672 1561 681 1619 3
694 1540 978 1621 tradideruntque
988 1539 1164 1604 civitatem

211 1638 377 1716 venienti,
393 1647 427 1702 et
445 1639 657 1702 obsidionem
680 1639 787 1702 castri
809 1637 1040 1702 continuando
1065 1646 1163 1702 tenn-

213 1745 316 1802 erunt
332 1739 485 1802 dicentes
501 1739 595 1802 lasso
615 1738 708 1820 quod
731 1758 768 1801 se
790 1758 868 1801 cum
888 1739 960 1801 suis
976 1738 1163 1802 recreando

177 1895 180 1902 .
213 1837 381 1914 reliceret,
413 1838 542 1901 nullam
577 1838 735 1902 habendo
772 1857 891 1901 curam
921 1837 965 1901 de
1001 1839 1161 1900 obsessis

214 1934 302 2001 Post
318 1936 391 2001 dies
407 1944 523 2001 autem
540 1937 673 2020 aliquot
688 1957 768 2001 cum
785 1957 823 2000 se
842 1937 996 2002 viderent
1012 1942 1162 1999 castren-

212 2038 340 2101 sessio
366 2037 424 2100 diu
451 2057 603 2126 manere
619 2057 688 2101 non
716 2055 817 2119 posse
844 2036 1011 2099 dederunt
1028 2055 1077 2110 se,
1098 2037 1165 2098 sub

212 2144 317 2218 pacto
332 2144 447 2200 tamen
461 2139 554 2220 quod
572 2145 689 2201 custos
712 2155 830 2200 eorum
851 2155 915 2217 pro
936 2134 1094 2198 omnibus
1112 2155 1162 2197 re·

211 2245 366 2300 maneret
381 2245 414 2300 et
430 2238 546 2301 caeteri
561 2237 696 2300 abirent
708 2235 821 2311 illaesi,
838 2234 1071 2316 remansitque
1085 2253 1164 2297 cusa

212 2343 267 2399 tos
285 2355 403 2400 eorum
419 2337 443 2400 J
445 2337 595 2400 ordanus
612 2336 771 2400 Bertram
795 2342 832 2398 et
851 2334 974 2416 reliqui
993 2335 1162 2398 abierunt.

213 2435 343 2518 Elapso
369 2444 484 2499 autem
509 2444 664 2519 tempore
686 2435 833 2510 modice,
858 2441 892 2497 et
913 2434 1042 2497 viribus
1067 2452 1161 2497 reas-

212 2537 370 2618 sumptiS,
397 2536 526 2617 egressi
551 2543 632 2600 sunt
658 2535 777 2598 nostri'
791 2553 901 2615 usque
927 2532 969 2596 ad
998 2533 1161 2595 Sanctum

213 2634 422 2719 Gynerinum
448 2635 599 2701 utillum
622 2640 875 2717 expugnarent,
895 2653 937 2697 ac
962 2632 1055 2696 cives
1078 2651 1161 2695 con-

211 2735 307 2798 tinuo
325 2735 494 2799 dederunt
510 2754 558 2809 se,
579 2742 614 2798 et
631 2734 766 2815 regales
784 2732 910 2796 Franci
927 2752 972 2796 ex
987 2738 1091 2814 pacto
1106 2751 1159 2794 re·

212 2843 402 2913 cesserunt,
418 2834 478 2897 ubi
494 2835 673 2914 assignato
691 2832 833 2896 custode
849 2831 986 2895 domino
1008 2829 1161 2911 Hugone

212 2935 254 2996 de
269 2934 343 2999 Ver
357 2954 436 2999 cum
450 2953 504 3000 cc.
521 2934 738 3014 equestribus
755 2939 791 2995 et
809 2931 926 2994 multis
943 2929 1163 3013 pedestribus

211 3054 371 3098 reversus
397 3042 449 3098 est
467 3034 653 3116 praedictus
680 3031 839 3096 dominus
863 3029 886 3092 J
889 3029 1044 3092 ohannes
1065 3027 1160 3109 apud

212 3135 347 3217 Bayon3
363 3142 399 3198 et
414 3134 540 3198 mansit
555 3132 680 3196 ibidem
698 3149 817 3196 secure
834 3127 941 3193 multo
957 3134 1121 3208 tempore.

238 3361 287 3424 Dc
303 3359 486 3446 Oonfusionc
503 3367 530 3422 ct
550 3356 697 3442 Ooptionc
714 3363 887 3418 nostrorum
904 3351 939 3414 in
962 3348 1127 3412 Vasconis.

263 3517 394 3582 Audito
417 3518 567 3580 adventu
593 3512 786 3596 Anglorum
809 3510 845 3572 in
862 3508 1076 3574 Vasconiam
1097 3509 1161 3572 uri-

209 3619 255 3682 sit
274 3617 409 3682 tandem
435 3636 499 3679 rex
524 3614 681 3678 Franciae
706 3609 870 3676 Carolum
893 3609 1036 3672 fratrem
1059 3626 1160 3672 suurn

209 3726 245 3780 et
270 3715 445 3783 dominum
470 3716 513 3778 de
528 3720 537 3748 ‘
555 3709 679 3778 Nele'¹
699 3709 927 3782 senescallum
950 3727 1064 3783 suum,
1081 3726 1160 3771 cum

208 3817 328 3884 multis
344 3816 494 3883 millibus
507 3813 719 3896 equestrium
731 3817 941 3873 armatorum
954 3815 990 3872 et
1004 3807 1160 3870 exercitu

207 3917 362 3998 copioso,
392 3916 436 3979 ad
466 3913 672 3997 capiendum
702 3929 762 3974 eos
792 3916 826 3974 et
849 3912 1009 3989 potenter
1035 3904 1159 3965 devas-

207 4016 366 4080 tandum:
385 4016 445 4097 qui
455 3999 634 4079 venientes
646 4010 738 4093 apud
751 4003 917 4089 ‘Ryens’2
930 4006 965 4066 in
979 4001 1161 4066 Dominica

215 4115 1160 4150 Μ

244 4215 249 4243 ,
269 4218 276 4244 r
285 4215 369 4278 Mel„
381 4215 439 4264 MS·
452 4213 546 4268 Lansd.
692 4170 893 4293 =Coztfssquns,'
910 4169 985 4217 MSS.
1005 4168 1098 4217 Lunsd.
1111 4167 1161 4215 und
1223 4161 1225 4166 '

256 4369 335 4414 rou.
357 4367 395 4412 u.
417 4423 421 4430 ,
991 4354 1011 4398 n
