3138 4988
268 713 372 750 mmai)

256 795 406 845 Bulloopell’

256 845 359 886 clement

415 471 481 538 282
607 526 610 534 .
788 483 1002 535 canonicos

265 662 316 700 m
318 660 395 700 ιιιιι
418 653 464 710 et
479 643 625 711 fratrum
644 646 775 710 ordinis
795 645 978 727 praelibati,
993 659 1115 709 eoram
1130 643 1260 712 multis
1280 665 1367 727 prae

374 713 550 810 lausei
571 746 746 810 ltaereticae
770 744 967 827 pravitatis
974 745 1211 827 inquisitore
1200 761 1236 810 ιιι
1255 745 1369 826 regno

379 806 577 910 peFrancius
602 846 725 921 lactas,
749 843 886 908 liabitas
906 851 942 908 et
967 851 1138 927 receptas,
1160 853 1197 909 et
1221 845 1257 908 in
1282 845 1365 926 pub-

416 944 526 1008 liram
541 946 749 1028 saiptumm
771 943 941 1020 redactam,
958 945 1126 1027 nobisque
1146 961 1187 1009 ac
1196 943 1365 1008 iratribus

417 1045 732 1121 nostrisostensas,
747 1042 1006 1126 quodammodo
1016 1043 1225 1108 viderentur.
1273 1041 1366 1120 Quia

416 1143 510 1208 inme
526 1145 746 1218 etclamores
767 1143 925 1226 praedicti
944 1143 980 1206 in
992 1150 1130 1209 tantum
1142 1142 1367 1208 invaluerunt

417 1251 455 1307 et
481 1244 779 1321 escmdant,'³tam
800 1243 1062 1325 contraeipsum
1084 1243 1237 1306 ordinem
1256 1245 1364 1325 'qnam

418 1345 587 1423 personas
610 1342 810 1424 singulares
836 1341 1006 1426 ejusdem,
1034 1342 1127 1423 quod
1155 1343 1234 1406 sine
1257 1340 1365 1424 fgravi

418 1441 584 1506 seandalo
606 1442 821 1506 dissimulari
834 1475 836 1484 ν
850 1453 930 1506 ιιοιι·
943 1448 1123 1524 poterant,¹
1144 1458 1208 1506 nec
1232 1443 1365 1524 absque

417 1539 608 1606 imminenti
623 1541 786 1624 ¹periculo
810 1540 987 1620 tollerari;
1018 1557 1097 1618 nos,
1129 1540 1241 1617 Illius,
1264 1541 1365 1626 cujus

419 1640 512 1704 sices
537 1641 572 1706 in
596 1642 696 1705 terris
716 1641 889 1722 gerimus„
902 1640 1055 1722 vestigiis
1079 1640 1300 1716 inherentes,
1321 1637 1365 1705 ad

419 1739 660 1822 inquirendum
675 1741 718 1804 de
733 1740 907 1823 praedictis
914 1740 1049 1804 ratione
1058 1737 1193 1821 praevia
1201 1741 1365 1804 duximus

417 1841 683 1920 procedendum,
709 1839 897 1921 multisque
911 1838 954 1902 de
973 1838 1254 1922 praeceptoribus,
1268 1856 1365 1922 pres-

393 1978 396 1986 ·
419 1939 561 2021 byten's,
570 1940 737 2004 militibus
750 1946 785 2002 et
798 1939 876 2002 aliis
890 1939 1053 2002 frutribus
1064 1938 1222 2021 praedicti
1237 1940 1365 2003 ordinis

419 2040 647 2120 reputationis
680 2058 750 2103 non
781 2037 926 2102 modicae
961 2038 999 2102 in
1031 2046 1151 2102 nostra
1180 2040 1366 2120 praesentia

418 2139 627 2214 constitutis,
642 2137 798 2221 praestito
813 2138 858 2202 ab
876 2138 925 2201 eis
936 2137 1137 2220 juramento·
1151 2137 1246 2219 'quod
1256 2156 1366 2220 super

418 2239 604 2319 praemissis
619 2253 749 2302 meram
767 2244 804 2301 et
827 2236 964 2319 plenam
986 2237 1083 2302 nobis
1101 2237 1255 2301 dicerent
1275 2239 1365 2302 veri-

418 2337 672 2419 titem,-supe‘r
689 2335 888 2419 ¹praemissis
916 2336 1209 2416 interrogavimus
1242 2344 1277 2406 et
1303 2357 1365 2401 ex-

418 2437 658 2510 aminavimus,
670 2435 875 2518 quibusdam
889 2454 934 2498 ex
948 2435 1114 2499 iratribus
1126 2435 1252 2502 nostris
1267 2438 1366 2501 nobis

418 2536 660 2605 assistentibus
682 2534 887 2616 diligentem
913 2549 1100 2615 eorumque
1122 2535 1365 2613 confessiones,

418 2635 647 2717 per-publicas
660 2649 783 2698 manus
794 2634 830 2696 in
845 2633 1079 2699 authenticam
1094 2633 1300 2716 scripturam
1311 2654 1364 2700 re·

346 2803 349 2810 ,
417 2733 549 2811 ductas,
570 2733 664 2798 illico
684 2733 720 2796 in
736 2739 855 2796 nostre
872 2740 908 2797 et
928 2733 1098 2798 dictorum
1117 2733 1262 2798 fratrum
1278 2738 1364 2798 ''nos-

417 2841 549 2898 aarum
571 2833 829 2916 praesentimus
851 2832 998 2910 demum,
1016 2832 1221 2914 interposito
1245 2833 1363 2916 aliquo

416 2933 548 2998 dierum
563 2933 691 3015 spatio,
704 2932 740 2994 in
754 2931 855 3014 pleno
873 2932 1078 2996 consistorio
1093 2931 1208 3012 legere
1221 2933 1363 2998 fecimus

417 3051 532 3096 coram
559 3033 655 3115 ipsis,
684 3033 791 3095 acin
819 3047 884 3096 suo
908 3031 1044 3112 vulgari
1071 3031 1213 3095 cuilibet
1243 3041 1361 3097 eorum

417 3133 564 3215 exponi3
591 3131 652 3214 qui
675 3137 935 3213 perseverantes
954 3130 990 3193 in
1009 3130 1092 3207 illis,
1115 3149 1174 3193 eas
1198 3148 1363 3214 expressa

417 3240 452 3296 et
463 3238 607 3314 sponte,
624 3230 900 3314 prout-recitatae
911 3229 1067 3307 ‘fuerant
1084 3229 1185 3294 flexis
1204 3231 1362 3312 genibus,

417 3332 643 3413 manibusque
668 3329 867 3412 complosis,
893 3328 1198 3411 lachrymabiliter,
1224 3331 1362 3409 devote,

417 3449 458 3494 ac
484 3430 658 3494 humiliter
684 3429 933 3511 supplicantes,
944 3441 950 3467 1'
964 3428 1057 3510 quod
1086 3443 1148 3492 nos
1173 3429 1315 3492 cistam
1340 3449 1362 3494 a

416 3529 590 3610 praedictis
603 3529 768 3603 reatibus,
785 3539 888 3610 quam
905 3528 1271 3592 excommunicationis
1286 3543 1362 3592 sen·

417 3627 527 3690 tentia
555 3641 660 3709 quem
679 3627 916 3704 incurrerant,
949 3646 1012 3709 pro
1041 3625 1233 3709 *premissis
1262 3629 1363 3692 abso·

416 3726 558 3790 lutionis
581 3725 802 3808 dignaremur
828 3727 1031 3792 beneficium
1060 3727 1361 3810 impertiriquod

418 3827 468 3889 eis
489 3825 596 3910 juxta
624 3825 770 3890 formam
800 3825 954 3890 ecclesiae
981 3826 1144 3890 duximus
1175 3827 1362 3890 conceden-

418 3926 522 4000 dum·
542 3927 787 4009 approbarunt.
849 3925 981 3990 Verum
1015 3925 1098 4006 qnia
1128 3926 1165 3989 in
1194 3927 1363 3990 univeros

418 4026 536 4090 mundi
556 4027 712 4108 partibus
734 4040 796 4110 per
817 4037 906 4108 quas
925 4024 1015 4088 idem
1038 4024 1123 4088 ortio
1150 4024 1364 4104 diffunditur,

418 4145 465 4190 ao·
486 4126 588 4190 iidem
616 4126 740 4190 iratres
765 4126 896 4206 degunt
920 4125 1042 4206 ipsius,
1074 4143 1178 4207 super
1203 4125 1271 4189 biis
1295 4144 1363 4188 non

416 4244 598 4306 possumus
627 4226 800 4307 inquirere
823 4245 885 4308 per
903 4225 1149 4306 nosmetipsos,
1178 4231 1228 4288 nt*
1244 4232 1363 4296 nostra
