<?xml version="1.0" encoding="UTF-8"?>
<!DOCTYPE html PUBLIC "-//W3C//DTD XHTML 1.0 Transitional//EN"
    "http://www.w3.org/TR/xhtml1/DTD/xhtml1-transitional.dtd">
<html xmlns="http://www.w3.org/1999/xhtml" xml:lang="en" lang="en">
 <head>
  <title>
</title>
<meta http-equiv="Content-Type" content="text/html;charset=utf-8" />
  <meta name='ocr-system' content='tesseract 3.04.00' />
  <meta name='ocr-capabilities' content='ocr_page ocr_carea ocr_par ocr_line ocrx_word'/>
</head>
<body>
  <div class='ocr_page' id='page_1' title='image "./chronicondomini00hamigoog_0268.png"; bbox 0 0 3166 4992; ppageno 0'>
   <div class='ocr_carea' id='block_1_1' title="bbox 382 471 950 538">
    <p class='ocr_par' dir='ltr' id='par_1_1' title="bbox 382 471 950 538">
     <span class='ocr_line' id='line_1_1' title="bbox 382 471 950 538; baseline 0.002 -2"><span class='ocrx_word' id='word_1_1' title='bbox 382 471 448 536; x_wconf 76' lang='lat'>254</span> <span class='ocrx_word' id='word_1_2' title='bbox 738 486 950 538; x_wconf 80' lang='lat' dir='ltr'>onnorucou</span> 
     </span>
    </p>
   </div>
   <div class='ocr_carea' id='block_1_2' title="bbox 227 643 1343 2916">
    <p class='ocr_par' dir='ltr' id='par_1_2' title="bbox 233 643 1333 760">
     <span class='ocr_line' id='line_1_2' title="bbox 233 643 1333 760; baseline 0.001 -52"><span class='ocrx_word' id='word_1_3' title='bbox 233 663 356 760; x_wconf 60' lang='lat' dir='ltr'>{d&#39;fflj</span> <span class='ocrx_word' id='word_1_4' title='bbox 382 643 523 718; x_wconf 86' lang='lat' dir='ltr'>licentia</span> <span class='ocrx_word' id='word_1_5' title='bbox 546 663 706 708; x_wconf 88' lang='lat' dir='ltr'>reversus</span> <span class='ocrx_word' id='word_1_6' title='bbox 734 655 788 710; x_wconf 90' lang='lat' dir='ltr'>est</span> <span class='ocrx_word' id='word_1_7' title='bbox 812 645 857 710; x_wconf 88' lang='lat' dir='ltr'>ad</span> <span class='ocrx_word' id='word_1_8' title='bbox 887 658 1005 730; x_wconf 85' lang='lat' dir='ltr'>partes</span> <span class='ocrx_word' id='word_1_9' title='bbox 1037 647 1231 720; x_wconf 52' lang='lat' dir='ltr'>australem</span> <span class='ocrx_word' id='word_1_10' title='bbox 1257 645 1333 730; x_wconf 90' lang='lat' dir='ltr'>jus·</span> 
     </span>
    </p>

    <p class='ocr_par' dir='ltr' id='par_1_3' title="bbox 227 741 1334 1525">
     <span class='ocr_line' id='line_1_3' title="bbox 227 741 1333 828; baseline 0 -20"><span class='ocrx_word' id='word_1_11' title='bbox 227 741 497 826; x_wconf 33' lang='grc' dir='ltr'>ἐὴ-ἐὶῒῳιο</span> <span class='ocrx_word' id='word_1_12' title='bbox 522 763 585 808; x_wconf 85' lang='lat' dir='ltr'>rex</span> <span class='ocrx_word' id='word_1_13' title='bbox 610 745 703 827; x_wconf 91' lang='lat' dir='ltr'>quod</span> <span class='ocrx_word' id='word_1_14' title='bbox 728 745 915 810; x_wconf 84' lang='lat' dir='ltr'>Loudoniis</span> <span class='ocrx_word' id='word_1_15' title='bbox 940 753 1131 811; x_wconf 84' lang='lat' dir='ltr'>remaneret</span> <span class='ocrx_word' id='word_1_16' title='bbox 1153 765 1333 828; x_wconf 84' lang='lat' dir='ltr'>quousque</span> 
     </span>
     <span class='ocr_line' id='line_1_4' title="bbox 382 844 1333 928; baseline 0 -21"><span class='ocrx_word' id='word_1_17' title='bbox 382 844 526 908; x_wconf 87' lang='lat' dir='ltr'>haberet</span> <span class='ocrx_word' id='word_1_18' title='bbox 564 845 659 910; x_wconf 86' lang='lat' dir='ltr'>aliud</span> <span class='ocrx_word' id='word_1_19' title='bbox 701 847 737 908; x_wconf 90' lang='lat' dir='ltr'>iu</span> <span class='ocrx_word' id='word_1_20' title='bbox 776 845 960 922; x_wconf 89' lang='lat' dir='ltr'>mandatis,</span> <span class='ocrx_word' id='word_1_21' title='bbox 1000 848 1194 928; x_wconf 85' lang='lat' dir='ltr'>mansitque</span> <span class='ocrx_word' id='word_1_22' title='bbox 1223 865 1333 927; x_wconf 90' lang='lat' dir='ltr'>usque</span> 
     </span>
     <span class='ocr_line' id='line_1_5' title="bbox 383 944 1333 1028; baseline -0.001 -20"><span class='ocrx_word' id='word_1_23' title='bbox 383 951 463 1026; x_wconf 88' lang='lat' dir='ltr'>post</span> <span class='ocrx_word' id='word_1_24' title='bbox 499 944 631 1008; x_wconf 88' lang='lat' dir='ltr'>obitum</span> <span class='ocrx_word' id='word_1_25' title='bbox 665 947 778 1026; x_wconf 79' lang='lat' dir='ltr'>regis3</span> <span class='ocrx_word' id='word_1_26' title='bbox 813 946 1011 1028; x_wconf 86' lang='lat' dir='ltr'>habuitque¹</span> <span class='ocrx_word' id='word_1_27' title='bbox 1034 967 1079 1010; x_wconf 84' lang='lat' dir='ltr'>ex</span> <span class='ocrx_word' id='word_1_28' title='bbox 1111 947 1333 1010; x_wconf 85' lang='lat' dir='ltr'>concessione</span> 
     </span>
     <span class='ocr_line' id='line_1_6' title="bbox 382 1043 1331 1126; baseline -0.001 -19"><span class='ocrx_word' id='word_1_29' title='bbox 382 1044 513 1108; x_wconf 89' lang='lat' dir='ltr'>domini</span> <span class='ocrx_word' id='word_1_30' title='bbox 534 1063 636 1126; x_wconf 85' lang='lat' dir='ltr'>papae</span> <span class='ocrx_word' id='word_1_31' title='bbox 660 1046 696 1107; x_wconf 92' lang='lat' dir='ltr'>in</span> <span class='ocrx_word' id='word_1_32' title='bbox 718 1046 829 1126; x_wconf 90' lang='lat' dir='ltr'>primo</span> <span class='ocrx_word' id='word_1_33' title='bbox 854 1046 1004 1110; x_wconf 85' lang='lat' dir='ltr'>adventu</span> <span class='ocrx_word' id='word_1_34' title='bbox 1028 1065 1091 1109; x_wconf 91' lang='lat' dir='ltr'>suo</span> <span class='ocrx_word' id='word_1_35' title='bbox 1112 1045 1149 1107; x_wconf 93' lang='lat' dir='ltr'>in</span> <span class='ocrx_word' id='word_1_36' title='bbox 1168 1043 1331 1126; x_wconf 84' lang='lat' dir='ltr'>Angliam</span> 
     </span>
     <span class='ocr_line' id='line_1_7' title="bbox 384 1143 1332 1228; baseline 0 -22"><span class='ocrx_word' id='word_1_37' title='bbox 384 1163 447 1227; x_wconf 91' lang='lat' dir='ltr'>pro</span> <span class='ocrx_word' id='word_1_38' title='bbox 487 1145 560 1206; x_wconf 86' lang='lat' dir='ltr'>suis</span> <span class='ocrx_word' id='word_1_39' title='bbox 594 1145 756 1228; x_wconf 84' lang='lat' dir='ltr'>expensis</span> <span class='ocrx_word' id='word_1_40' title='bbox 794 1163 816 1208; x_wconf 88' lang='lat' dir='ltr'>a</span> <span class='ocrx_word' id='word_1_41' title='bbox 855 1146 1001 1226; x_wconf 85' lang='lat' dir='ltr'>singulis</span> <span class='ocrx_word' id='word_1_42' title='bbox 1034 1143 1196 1226; x_wconf 87' lang='lat' dir='ltr'>capitulis</span> <span class='ocrx_word' id='word_1_43' title='bbox 1227 1145 1332 1208; x_wconf 87' lang='lat' dir='ltr'>totius</span> 
     </span>
     <span class='ocr_line' id='line_1_8' title="bbox 385 1242 1334 1325; baseline -0.002 -17"><span class='ocrx_word' id='word_1_44' title='bbox 385 1242 536 1325; x_wconf 69' lang='lat' dir='ltr'>hughar,</span> <span class='ocrx_word' id='word_1_45' title='bbox 564 1243 741 1306; x_wconf 85' lang='lat' dir='ltr'>Hiberniae</span> <span class='ocrx_word' id='word_1_46' title='bbox 768 1251 803 1308; x_wconf 89' lang='lat' dir='ltr'>et</span> <span class='ocrx_word' id='word_1_47' title='bbox 829 1243 968 1320; x_wconf 85' lang='lat' dir='ltr'>Scotiae,</span> <span class='ocrx_word' id='word_1_48' title='bbox 993 1244 1173 1308; x_wconf 84' lang='lat' dir='ltr'>duodecim</span> <span class='ocrx_word' id='word_1_49' title='bbox 1198 1263 1334 1307; x_wconf 89' lang='lat' dir='ltr'>marcas</span> 
     </span>
     <span class='ocr_line' id='line_1_9' title="bbox 385 1341 1332 1426; baseline -0.001 -20"><span class='ocrx_word' id='word_1_50' title='bbox 385 1344 535 1424; x_wconf 85' lang='lat' dir='ltr'>argenti.</span> <span class='ocrx_word' id='word_1_51' title='bbox 587 1341 621 1406; x_wconf 92' lang='lat' dir='ltr'>N</span> <span class='ocrx_word' id='word_1_52' title='bbox 625 1361 664 1408; x_wconf 87' lang='lat' dir='ltr'>ec</span> <span class='ocrx_word' id='word_1_53' title='bbox 685 1362 749 1424; x_wconf 92' lang='lat' dir='ltr'>pro</span> <span class='ocrx_word' id='word_1_54' title='bbox 764 1345 813 1406; x_wconf 88' lang='lat' dir='ltr'>eis</span> <span class='ocrx_word' id='word_1_55' title='bbox 831 1351 966 1408; x_wconf 89' lang='lat' dir='ltr'>tantum</span> <span class='ocrx_word' id='word_1_56' title='bbox 988 1344 1102 1408; x_wconf 87' lang='lat' dir='ltr'>facere</span> <span class='ocrx_word' id='word_1_57' title='bbox 1117 1343 1225 1408; x_wconf 87' lang='lat' dir='ltr'>voluit</span> <span class='ocrx_word' id='word_1_58' title='bbox 1240 1342 1332 1426; x_wconf 90' lang='lat' dir='ltr'>quod</span> 
     </span>
     <span class='ocr_line' id='line_1_10' title="bbox 386 1441 1179 1525; baseline 0.001 -19"><span class='ocrx_word' id='word_1_59' title='bbox 386 1441 600 1506; x_wconf 86' lang='lat' dir='ltr'>solventibus</span> <span class='ocrx_word' id='word_1_60' title='bbox 617 1443 736 1506; x_wconf 88' lang='lat' dir='ltr'>fierent</span> <span class='ocrx_word' id='word_1_61' title='bbox 753 1443 863 1507; x_wconf 85' lang='lat' dir='ltr'>literae</span> <span class='ocrx_word' id='word_1_62' title='bbox 880 1444 1179 1525; x_wconf 82' lang='lat' dir='ltr'>adquietantiales.</span> 
     </span>
    </p>

    <p class='ocr_par' dir='ltr' id='par_1_4' title="bbox 387 1541 1334 2123">
     <span class='ocr_line' id='line_1_11' title="bbox 438 1541 1333 1619; baseline 0.001 -15"><span class='ocrx_word' id='word_1_63' title='bbox 438 1541 569 1605; x_wconf 86' lang='lat' dir='ltr'>Eodem</span> <span class='ocrx_word' id='word_1_64' title='bbox 599 1561 690 1608; x_wconf 91' lang='lat' dir='ltr'>anno</span> <span class='ocrx_word' id='word_1_65' title='bbox 723 1541 845 1607; x_wconf 89' lang='lat' dir='ltr'>habuit</span> <span class='ocrx_word' id='word_1_66' title='bbox 876 1543 1034 1607; x_wconf 89' lang='lat' dir='ltr'>dominus</span> <span class='ocrx_word' id='word_1_67' title='bbox 1067 1561 1141 1619; x_wconf 86' lang='lat' dir='ltr'>rex,</span> <span class='ocrx_word' id='word_1_68' title='bbox 1173 1561 1217 1605; x_wconf 85' lang='lat' dir='ltr'>ex</span> <span class='ocrx_word' id='word_1_69' title='bbox 1241 1541 1333 1605; x_wconf 91' lang='lat' dir='ltr'>dono</span> 
     </span>
     <span class='ocr_line' id='line_1_12' title="bbox 387 1640 1334 1725; baseline -0.002 -20"><span class='ocrx_word' id='word_1_70' title='bbox 387 1640 519 1705; x_wconf 89' lang='lat' dir='ltr'>domini</span> <span class='ocrx_word' id='word_1_71' title='bbox 540 1661 654 1724; x_wconf 84' lang='lat' dir='ltr'>papae,</span> <span class='ocrx_word' id='word_1_72' title='bbox 676 1649 716 1705; x_wconf 89' lang='lat' dir='ltr'>ut</span> <span class='ocrx_word' id='word_1_73' title='bbox 740 1643 943 1725; x_wconf 69' lang='lat' dir='ltr'>preadictum</span> <span class='ocrx_word' id='word_1_74' title='bbox 962 1652 1026 1718; x_wconf 87' lang='lat' dir='ltr'>est,</span> <span class='ocrx_word' id='word_1_75' title='bbox 1049 1642 1215 1706; x_wconf 87' lang='lat' dir='ltr'>decimam</span> <span class='ocrx_word' id='word_1_76' title='bbox 1238 1642 1334 1704; x_wconf 87' lang='lat' dir='ltr'>bien·</span> 
     </span>
     <span class='ocr_line' id='line_1_13' title="bbox 387 1740 1333 1823; baseline 0 -20"><span class='ocrx_word' id='word_1_77' title='bbox 387 1741 722 1823; x_wconf 84' lang='lat' dir='ltr'>nalem&#39;Auglieanee</span> <span class='ocrx_word' id='word_1_78' title='bbox 742 1742 909 1820; x_wconf 82' lang='lat' dir='ltr'>ecclesiae,</span> <span class='ocrx_word' id='word_1_79' title='bbox 932 1742 1111 1808; x_wconf 85' lang='lat' dir='ltr'>Hibemiae</span> <span class='ocrx_word' id='word_1_80' title='bbox 1134 1749 1169 1806; x_wconf 88' lang='lat' dir='ltr'>et</span> <span class='ocrx_word' id='word_1_81' title='bbox 1196 1740 1333 1816; x_wconf 85' lang='lat' dir='ltr'>Scotiae,</span> 
     </span>
     <span class='ocr_line' id='line_1_14' title="bbox 387 1841 1333 1921; baseline 0 -17"><span class='ocrx_word' id='word_1_82' title='bbox 387 1847 423 1904; x_wconf 89' lang='lat' dir='ltr'>et</span> <span class='ocrx_word' id='word_1_83' title='bbox 433 1859 510 1904; x_wconf 89' lang='lat' dir='ltr'>eam</span> <span class='ocrx_word' id='word_1_84' title='bbox 519 1841 601 1905; x_wconf 87' lang='lat' dir='ltr'>fecit</span> <span class='ocrx_word' id='word_1_85' title='bbox 611 1842 720 1905; x_wconf 88' lang='lat' dir='ltr'>levari</span> <span class='ocrx_word' id='word_1_86' title='bbox 729 1843 765 1904; x_wconf 92' lang='lat' dir='ltr'>in</span> <span class='ocrx_word' id='word_1_87' title='bbox 779 1861 849 1906; x_wconf 89' lang='lat' dir='ltr'>uno</span> <span class='ocrx_word' id='word_1_88' title='bbox 864 1843 984 1906; x_wconf 92' lang='lat' dir='ltr'>eodem</span> <span class='ocrx_word' id='word_1_89' title='bbox 998 1861 1100 1905; x_wconf 89' lang='lat' dir='ltr'>anno.</span> <span class='ocrx_word' id='word_1_90' title='bbox 1127 1841 1333 1921; x_wconf 86' lang='lat' dir='ltr'>Habuitque&#39;</span> 
     </span>
     <span class='ocr_line' id='line_1_15' title="bbox 387 1940 1334 2024; baseline -0.001 -20"><span class='ocrx_word' id='word_1_91' title='bbox 387 1960 432 2004; x_wconf 82' lang='lat' dir='ltr'>ex</span> <span class='ocrx_word' id='word_1_92' title='bbox 446 1941 643 2006; x_wconf 87' lang='lat' dir='ltr'>civitatibus</span> <span class='ocrx_word' id='word_1_93' title='bbox 658 1942 731 2006; x_wconf 90' lang='lat' dir='ltr'>suis</span> <span class='ocrx_word' id='word_1_94' title='bbox 747 1949 782 2005; x_wconf 89' lang='lat' dir='ltr'>et</span> <span class='ocrx_word' id='word_1_95' title='bbox 798 1943 916 2024; x_wconf 80' lang='lat' dir='ltr'>burgis</span> <span class='ocrx_word' id='word_1_96' title='bbox 929 1942 1126 2005; x_wconf 81' lang='lat' dir='ltr'>vicesimum</span> <span class='ocrx_word' id='word_1_97' title='bbox 1144 1940 1334 2017; x_wconf 86' lang='lat' dir='ltr'>denarium,</span> 
     </span>
     <span class='ocr_line' id='line_1_16' title="bbox 387 2040 1187 2123; baseline -0.001 -19"><span class='ocrx_word' id='word_1_98' title='bbox 387 2046 423 2104; x_wconf 87' lang='lat' dir='ltr'>et</span> <span class='ocrx_word' id='word_1_99' title='bbox 438 2059 459 2103; x_wconf 86' lang='lat' dir='ltr'>a</span> <span class='ocrx_word' id='word_1_100' title='bbox 477 2041 605 2123; x_wconf 90' lang='lat' dir='ltr'>populo</span> <span class='ocrx_word' id='word_1_101' title='bbox 624 2043 757 2123; x_wconf 91' lang='lat' dir='ltr'>reliquo</span> <span class='ocrx_word' id='word_1_102' title='bbox 770 2043 982 2105; x_wconf 87' lang='lat' dir='ltr'>tricesimum</span> <span class='ocrx_word' id='word_1_103' title='bbox 997 2040 1187 2104; x_wconf 87' lang='lat' dir='ltr'>denarium.</span> 
     </span>
    </p>

    <p class='ocr_par' dir='ltr' id='par_1_5' title="bbox 349 2139 1343 2819">
     <span class='ocr_line' id='line_1_17' title="bbox 349 2139 1333 2223; baseline -0.001 -20"><span class='ocrx_word' id='word_1_104' title='bbox 349 2191 352 2196; x_wconf 19' lang='grc' dir='ltr'><em>Α</em></span> <span class='ocrx_word' id='word_1_105' title='bbox 432 2139 476 2203; x_wconf 92' lang='lat' dir='ltr'>In</span> <span class='ocrx_word' id='word_1_106' title='bbox 508 2141 672 2223; x_wconf 86' lang='lat' dir='ltr'>praedicto</span> <span class='ocrx_word' id='word_1_107' title='bbox 701 2141 931 2222; x_wconf 87' lang='lat' dir='ltr'>parliamento</span> <span class='ocrx_word' id='word_1_108' title='bbox 970 2160 1049 2203; x_wconf 91' lang='lat' dir='ltr'>cum</span> <span class='ocrx_word' id='word_1_109' title='bbox 1086 2140 1186 2203; x_wconf 87' lang='lat' dir='ltr'>multi</span> <span class='ocrx_word' id='word_1_110' title='bbox 1223 2140 1333 2202; x_wconf 89' lang='lat' dir='ltr'>multa</span> 
     </span>
     <span class='ocr_line' id='line_1_18' title="bbox 386 2239 1334 2322; baseline -0.003 -19"><span class='ocrx_word' id='word_1_111' title='bbox 386 2240 610 2322; x_wconf 86' lang='lat' dir='ltr'>loquerentur</span> <span class='ocrx_word' id='word_1_112' title='bbox 627 2241 670 2304; x_wconf 87' lang='lat' dir='ltr'>de</span> <span class='ocrx_word' id='word_1_113' title='bbox 686 2242 966 2322; x_wconf 86' lang='lat' dir='ltr'>oppressionibus</span> <span class='ocrx_word' id='word_1_114' title='bbox 983 2239 1110 2303; x_wconf 90' lang='lat' dir='ltr'>domini</span> <span class='ocrx_word' id='word_1_115' title='bbox 1121 2259 1234 2321; x_wconf 87' lang='lat' dir='ltr'>papae,</span> <span class='ocrx_word' id='word_1_116' title='bbox 1247 2257 1334 2320; x_wconf 88' lang='lat' dir='ltr'>quas</span> 
     </span>
     <span class='ocr_line' id='line_1_19' title="bbox 386 2336 1334 2421; baseline -0.003 -18"><span class='ocrx_word' id='word_1_117' title='bbox 386 2341 563 2421; x_wconf 90' lang='lat' dir='ltr'>inceperat</span> <span class='ocrx_word' id='word_1_118' title='bbox 604 2341 640 2403; x_wconf 89' lang='lat' dir='ltr'>in</span> <span class='ocrx_word' id='word_1_119' title='bbox 679 2339 825 2403; x_wconf 87' lang='lat' dir='ltr'>ecelesia</span> <span class='ocrx_word' id='word_1_120' title='bbox 862 2336 1070 2420; x_wconf 85' lang='lat' dir='ltr'>Anglicana,</span> <span class='ocrx_word' id='word_1_121' title='bbox 1107 2358 1187 2402; x_wconf 88' lang='lat' dir='ltr'>ecce</span> <span class='ocrx_word' id='word_1_122' title='bbox 1234 2338 1334 2420; x_wconf 88' lang='lat' dir='ltr'>quasi</span> 
     </span>
     <span class='ocr_line' id='line_1_20' title="bbox 389 2437 1330 2521; baseline -0.003 -17"><span class='ocrx_word' id='word_1_123' title='bbox 389 2440 504 2504; x_wconf 88' lang='lat' dir='ltr'>subito</span> <span class='ocrx_word' id='word_1_124' title='bbox 518 2441 555 2502; x_wconf 93' lang='lat' dir='ltr'>in</span> <span class='ocrx_word' id='word_1_125' title='bbox 581 2439 683 2521; x_wconf 89' lang='lat' dir='ltr'>pleno</span> <span class='ocrx_word' id='word_1_126' title='bbox 706 2440 850 2502; x_wconf 88' lang='lat' dir='ltr'>consilio</span> <span class='ocrx_word' id='word_1_127' title='bbox 865 2438 1041 2502; x_wconf 83' lang='lat' dir='ltr'>descendit</span> <span class='ocrx_word' id='word_1_128' title='bbox 1056 2437 1136 2501; x_wconf 84' lang='lat' dir='ltr'>talis</span> <span class='ocrx_word' id='word_1_129' title='bbox 1151 2437 1330 2513; x_wconf 86' lang='lat' dir='ltr'>schedula,</span> 
     </span>
     <span class='ocr_line' id='line_1_21' title="bbox 390 2537 1333 2621; baseline -0.001 -21"><span class='ocrx_word' id='word_1_130' title='bbox 390 2537 489 2621; x_wconf 84' lang='lat' dir='ltr'>quasi</span> <span class='ocrx_word' id='word_1_131' title='bbox 504 2537 641 2601; x_wconf 88' lang='lat' dir='ltr'>caelitus</span> <span class='ocrx_word' id='word_1_132' title='bbox 657 2539 782 2601; x_wconf 88' lang='lat' dir='ltr'>emissa</span> <span class='ocrx_word' id='word_1_133' title='bbox 792 2563 802 2612; x_wconf 71' lang='grc' dir='ltr'><strong>ς</strong></span> <span class='ocrx_word' id='word_1_134' title='bbox 821 2538 1071 2619; x_wconf 84' lang='lat' dir='ltr'>legebaturque</span> <span class='ocrx_word' id='word_1_135' title='bbox 1086 2539 1218 2612; x_wconf 86' lang='lat' dir='ltr'>statim,</span> <span class='ocrx_word' id='word_1_136' title='bbox 1235 2537 1333 2600; x_wconf 89' lang='lat' dir='ltr'>audi-</span> 
     </span>
     <span class='ocr_line' id='line_1_22' title="bbox 390 2636 1332 2718; baseline -0.002 -17"><span class='ocrx_word' id='word_1_137' title='bbox 390 2644 470 2701; x_wconf 90' lang='lat' dir='ltr'>ente</span> <span class='ocrx_word' id='word_1_138' title='bbox 487 2656 580 2718; x_wconf 85' lang='lat' dir='ltr'>rege,</span> <span class='ocrx_word' id='word_1_139' title='bbox 592 2636 778 2712; x_wconf 86' lang='lat' dir='ltr'>cardinale,</span> <span class='ocrx_word' id='word_1_140' title='bbox 797 2647 832 2700; x_wconf 89' lang='lat' dir='ltr'>et</span> <span class='ocrx_word' id='word_1_141' title='bbox 854 2637 1024 2700; x_wconf 86' lang='lat' dir='ltr'>universis</span> <span class='ocrx_word' id='word_1_142' title='bbox 1035 2637 1189 2718; x_wconf 88' lang='lat' dir='ltr'>praelatis</span> <span class='ocrx_word' id='word_1_143' title='bbox 1206 2643 1240 2699; x_wconf 90' lang='lat' dir='ltr'>et</span> <span class='ocrx_word' id='word_1_144' title='bbox 1255 2636 1332 2700; x_wconf 80' lang='lat' dir='ltr'>alhs</span> 
     </span>
     <span class='ocr_line' id='line_1_23' title="bbox 391 2737 1343 2819; baseline -0.005 -20"><span class='ocrx_word' id='word_1_145' title='bbox 391 2737 450 2819; x_wconf 90' lang='lat' dir='ltr'>qui</span> <span class='ocrx_word' id='word_1_146' title='bbox 465 2744 707 2800; x_wconf 85' lang='lat' dir='ltr'>convenerant.</span> <span class='ocrx_word' id='word_1_147' title='bbox 726 2778 728 2781; x_wconf 90' lang='lat'><em>-</em></span> <span class='ocrx_word' id='word_1_148' title='bbox 1340 2785 1343 2794; x_wconf 92' lang='lat'>.</span> 
     </span>
    </p>

    <p class='ocr_par' dir='ltr' id='par_1_6' title="bbox 227 2829 1335 2916">
     <span class='ocr_line' id='line_1_24' title="bbox 227 2829 1335 2916; baseline -0.005 -14"><span class='ocrx_word' id='word_1_149' title='bbox 227 2863 348 2902; x_wconf 67' lang='lat' dir='ltr'>paemene</span> <span class='ocrx_word' id='word_1_150' title='bbox 439 2840 463 2869; x_wconf 89' lang='lat'><strong>“</strong></span> <span class='ocrx_word' id='word_1_151' title='bbox 475 2829 657 2899; x_wconf 78' lang='lat' dir='ltr'>Ecclesiee¹</span> <span class='ocrx_word' id='word_1_152' title='bbox 673 2834 780 2899; x_wconf 93' lang='lat' dir='ltr'>nobili</span> <span class='ocrx_word' id='word_1_153' title='bbox 798 2834 1004 2916; x_wconf 84' lang='lat' dir='ltr'>Anglicanee</span> <span class='ocrx_word' id='word_1_154' title='bbox 1021 2835 1056 2897; x_wconf 92' lang='lat' dir='ltr'>in</span> <span class='ocrx_word' id='word_1_155' title='bbox 1073 2835 1149 2898; x_wconf 94' lang='lat' dir='ltr'>luto</span> <span class='ocrx_word' id='word_1_156' title='bbox 1173 2842 1208 2898; x_wconf 93' lang='lat' dir='ltr'>et</span> <span class='ocrx_word' id='word_1_157' title='bbox 1224 2833 1335 2897; x_wconf 85' lang='lat' dir='ltr'>latere</span> 
     </span>
    </p>
   </div>
   <div class='ocr_carea' id='block_1_3' title="bbox 226 2911 1335 3012">
    <p class='ocr_par' dir='ltr' id='par_1_7' title="bbox 226 2911 1335 3012">
     <span class='ocr_line' id='line_1_25' title="bbox 226 2911 1335 3012; baseline -0.005 -10"><span class='ocrx_word' id='word_1_158' title='bbox 226 2911 376 3011; x_wconf 53' lang='lat' dir='ltr'>liffhhhh&#39;fh</span> <span class='ocrx_word' id='word_1_159' title='bbox 390 2929 626 3012; x_wconf 56' lang='lat' dir='ltr'>&lt;ancillataef²</span> <span class='ocrx_word' id='word_1_160' title='bbox 645 2936 771 2999; x_wconf 87' lang='lat' dir='ltr'>Petrus</span> <span class='ocrx_word' id='word_1_161' title='bbox 787 2935 877 2999; x_wconf 87' lang='lat' dir='ltr'>filius</span> <span class='ocrx_word' id='word_1_162' title='bbox 890 2934 1099 3009; x_wconf 82' lang='lat' dir='ltr'>Cassiodori,</span> <span class='ocrx_word' id='word_1_163' title='bbox 1110 2922 1207 2997; x_wconf 91' lang='lat' dir='ltr'>miles</span> <span class='ocrx_word' id='word_1_164' title='bbox 1217 2933 1335 2998; x_wconf 81' lang='lat' dir='ltr'>catho-</span> 
     </span>
    </p>
   </div>
   <div class='ocr_carea' id='block_1_4' title="bbox 227 3011 1340 3913">
    <p class='ocr_par' dir='ltr' id='par_1_8' title="bbox 227 3011 1340 3913">
     <span class='ocr_line' id='line_1_26' title="bbox 227 3011 1334 3118; baseline -0.005 -16"><span class='ocrx_word' id='word_1_165' title='bbox 227 3011 371 3102; x_wconf 57' lang='grc' dir='ltr'>ἳῖἓῗέιῗῖἔῗ.</span> <span class='ocrx_word' id='word_1_166' title='bbox 389 3035 488 3113; x_wconf 85' lang='lat' dir='ltr'>licus,</span> <span class='ocrx_word' id='word_1_167' title='bbox 500 3035 597 3118; x_wconf 81' lang='lat' dir='ltr'>pugil</span> <span class='ocrx_word' id='word_1_168' title='bbox 610 3034 739 3099; x_wconf 83' lang='lat' dir='ltr'>Christi</span> <span class='ocrx_word' id='word_1_169' title='bbox 753 3035 912 3111; x_wconf 66' lang='lat' dir='ltr'>devotus,</span> <span class='ocrx_word' id='word_1_170' title='bbox 922 3035 1081 3110; x_wconf 88' lang='lat' dir='ltr'>salutem,</span> <span class='ocrx_word' id='word_1_171' title='bbox 1094 3040 1129 3097; x_wconf 90' lang='lat' dir='ltr'>et</span> <span class='ocrx_word' id='word_1_172' title='bbox 1136 3034 1262 3116; x_wconf 82' lang='lat' dir='ltr'>jugum</span> <span class='ocrx_word' id='word_1_173' title='bbox 1274 3033 1334 3096; x_wconf 89' lang='lat' dir='ltr'>ab·</span> 
     </span>
     <span class='ocr_line' id='line_1_27' title="bbox 385 3133 1332 3218; baseline -0.007 -19"><span class='ocrx_word' id='word_1_174' title='bbox 385 3134 494 3218; x_wconf 89' lang='lat' dir='ltr'>jieere</span> <span class='ocrx_word' id='word_1_175' title='bbox 511 3135 735 3218; x_wconf 78' lang='lat' dir='ltr'>captivitatis,</span> <span class='ocrx_word' id='word_1_176' title='bbox 751 3143 786 3198; x_wconf 90' lang='lat' dir='ltr'>et</span> <span class='ocrx_word' id='word_1_177' title='bbox 803 3136 960 3198; x_wconf 89' lang='lat' dir='ltr'>bravium</span> <span class='ocrx_word' id='word_1_178' title='bbox 982 3134 1138 3215; x_wconf 86' lang='lat' dir='ltr'>accipere</span> <span class='ocrx_word' id='word_1_179' title='bbox 1153 3133 1332 3196; x_wconf 87' lang='lat' dir='ltr'>libertatis.</span> 
     </span>
     <span class='ocr_line' id='line_1_28' title="bbox 390 3231 1335 3318; baseline -0.005 -20"><span class='ocrx_word' id='word_1_180' title='bbox 390 3234 631 3318; x_wconf 82' lang='lat' dir='ltr'>‘comparabo</span> <span class='ocrx_word' id='word_1_181' title='bbox 654 3241 690 3298; x_wconf 88' lang='lat' dir='ltr'>te</span> <span class='ocrx_word' id='word_1_182' title='bbox 721 3234 778 3297; x_wconf 87' lang='lat' dir='ltr'>cui</span> <span class='ocrx_word' id='word_1_183' title='bbox 792 3234 856 3296; x_wconf 86' lang='lat' dir='ltr'>-vel</span> <span class='ocrx_word' id='word_1_184' title='bbox 878 3235 934 3296; x_wconf 92' lang='lat' dir='ltr'>cui</span> <span class='ocrx_word' id='word_1_185' title='bbox 962 3232 1172 3296; x_wconf 90' lang='lat' dir='ltr'>assimulabo</span> <span class='ocrx_word' id='word_1_186' title='bbox 1195 3240 1241 3308; x_wconf 91' lang='lat' dir='ltr'>te,</span> <span class='ocrx_word' id='word_1_187' title='bbox 1264 3231 1335 3294; x_wconf 90' lang='lat' dir='ltr'>filia</span> 
     </span>
     <span class='ocr_line' id='line_1_29' title="bbox 390 3331 1336 3414; baseline -0.004 -16"><span class='ocrx_word' id='word_1_188' title='bbox 390 3334 609 3398; x_wconf 78' lang='lat' dir='ltr'>Jerusaleml</span> <span class='ocrx_word' id='word_1_189' title='bbox 663 3333 729 3397; x_wconf 87' lang='lat' dir='ltr'>Cui</span> <span class='ocrx_word' id='word_1_190' title='bbox 745 3335 938 3414; x_wconf 85' lang='lat' dir='ltr'>exaequabo</span> <span class='ocrx_word' id='word_1_191' title='bbox 955 3339 1002 3408; x_wconf 89' lang='lat' dir='ltr'>te,</span> <span class='ocrx_word' id='word_1_192' title='bbox 1019 3333 1118 3413; x_wconf 82' lang='lat' dir='ltr'>virgo</span> <span class='ocrx_word' id='word_1_193' title='bbox 1134 3331 1336 3414; x_wconf 77' lang='lat' dir='ltr'>filiaSyonl</span> 
     </span>
     <span class='ocr_line' id='line_1_30' title="bbox 392 3430 1335 3515; baseline -0.003 -19"><span class='ocrx_word' id='word_1_194' title='bbox 392 3433 521 3515; x_wconf 86' lang='lat' dir='ltr'>Magna</span> <span class='ocrx_word' id='word_1_195' title='bbox 542 3440 595 3496; x_wconf 86' lang='lat' dir='ltr'>est</span> <span class='ocrx_word' id='word_1_196' title='bbox 613 3433 704 3496; x_wconf 89' lang='lat' dir='ltr'>enim</span> <span class='ocrx_word' id='word_1_197' title='bbox 719 3433 883 3496; x_wconf 90' lang='lat' dir='ltr'>contritio</span> <span class='ocrx_word' id='word_1_198' title='bbox 897 3440 972 3506; x_wconf 89' lang='lat' dir='ltr'>tua,</span> <span class='ocrx_word' id='word_1_199' title='bbox 989 3430 1091 3495; x_wconf 85' lang='lat' dir='ltr'>velut·</span> <span class='ocrx_word' id='word_1_200' title='bbox 1103 3431 1240 3508; x_wconf 81' lang='lat' dir='ltr'>mare,&#39;³</span> <span class='ocrx_word' id='word_1_201' title='bbox 1260 3431 1335 3494; x_wconf 88' lang='lat' dir='ltr'>sola</span> 
     </span>
     <span class='ocr_line' id='line_1_31' title="bbox 390 3517 1336 3606; baseline -0.005 -11"><span class='ocrx_word' id='word_1_202' title='bbox 390 3532 484 3595; x_wconf 83' lang='lat' dir='ltr'>faeta</span> <span class='ocrx_word' id='word_1_203' title='bbox 506 3552 543 3594; x_wconf 88' lang='lat' dir='ltr'>es</span> <span class='ocrx_word' id='word_1_204' title='bbox 563 3533 637 3595; x_wconf 92' lang='lat' dir='ltr'>sine</span> <span class='ocrx_word' id='word_1_205' title='bbox 663 3530 800 3606; x_wconf 91' lang='lat' dir='ltr'>solatio,</span> <span class='ocrx_word' id='word_1_206' title='bbox 826 3539 901 3594; x_wconf 85' lang='lat' dir='ltr'>tota</span> <span class='ocrx_word' id='word_1_207' title='bbox 924 3530 979 3594; x_wconf 91' lang='lat' dir='ltr'>die</span> <span class='ocrx_word' id='word_1_208' title='bbox 1001 3549 1147 3594; x_wconf 90' lang='lat' dir='ltr'>moerore</span> <span class='ocrx_word' id='word_1_209' title='bbox 1168 3517 1336 3594; x_wconf 69' lang='lat' dir='ltr'>confecta.⁴</span> 
     </span>
     <span class='ocr_line' id='line_1_32' title="bbox 391 3630 1335 3714; baseline -0.002 -20"><span class='ocrx_word' id='word_1_210' title='bbox 391 3631 486 3694; x_wconf 86' lang='lat' dir='ltr'>Data</span> <span class='ocrx_word' id='word_1_211' title='bbox 503 3650 539 3694; x_wconf 91' lang='lat' dir='ltr'>es</span> <span class='ocrx_word' id='word_1_212' title='bbox 551 3631 586 3693; x_wconf 91' lang='lat' dir='ltr'>in</span> <span class='ocrx_word' id='word_1_213' title='bbox 603 3649 740 3692; x_wconf 89' lang='lat' dir='ltr'>manum</span> <span class='ocrx_word' id='word_1_214' title='bbox 759 3630 848 3714; x_wconf 74' lang='lat' dir='ltr'>ejuS,</span> <span class='ocrx_word' id='word_1_215' title='bbox 863 3631 905 3694; x_wconf 91' lang='lat' dir='ltr'>de</span> <span class='ocrx_word' id='word_1_216' title='bbox 920 3649 989 3713; x_wconf 88' lang='lat' dir='ltr'>qua</span> <span class='ocrx_word' id='word_1_217' title='bbox 999 3650 1067 3694; x_wconf 93' lang='lat' dir='ltr'>non</span> <span class='ocrx_word' id='word_1_218' title='bbox 1077 3639 1179 3712; x_wconf 88' lang='lat' dir='ltr'>potes</span> <span class='ocrx_word' id='word_1_219' title='bbox 1194 3649 1335 3710; x_wconf 85' lang='lat' dir='ltr'>surgere</span> 
     </span>
     <span class='ocr_line' id='line_1_33' title="bbox 391 3724 1340 3812; baseline -0.003 -19"><span class='ocrx_word' id='word_1_220' title='bbox 391 3731 521 3812; x_wconf 86' lang='lat' dir='ltr'>absque</span> <span class='ocrx_word' id='word_1_221' title='bbox 532 3729 663 3793; x_wconf 81' lang='lat' dir='ltr'>auxilio</span> <span class='ocrx_word' id='word_1_222' title='bbox 674 3729 900 3793; x_wconf 89' lang='lat' dir='ltr'>sublevantis.</span> <span class='ocrx_word' id='word_1_223' title='bbox 939 3724 1030 3794; x_wconf 88' lang='lat' dir='ltr'>Nam</span> <span class='ocrx_word' id='word_1_224' title='bbox 1042 3731 1164 3793; x_wconf 83' lang='lat' dir='ltr'>scribae</span> <span class='ocrx_word' id='word_1_225' title='bbox 1174 3741 1209 3792; x_wconf 88' lang='lat' dir='ltr'>et</span> <span class='ocrx_word' id='word_1_226' title='bbox 1221 3729 1340 3811; x_wconf 67' lang='lat' dir='ltr'>phari-‚</span> 
     </span>
     <span class='ocr_line' id='line_1_34' title="bbox 390 3828 1336 3913; baseline -0.005 -19"><span class='ocrx_word' id='word_1_227' title='bbox 390 3832 451 3894; x_wconf 86' lang='lat' dir='ltr'>saei</span> <span class='ocrx_word' id='word_1_228' title='bbox 463 3849 569 3913; x_wconf 84' lang='lat' dir='ltr'>supra</span> <span class='ocrx_word' id='word_1_229' title='bbox 583 3829 782 3893; x_wconf 86' lang='lat' dir='ltr'>cathedram</span> <span class='ocrx_word' id='word_1_230' title='bbox 795 3830 913 3912; x_wconf 91' lang='lat' dir='ltr'>Moysi</span> <span class='ocrx_word' id='word_1_231' title='bbox 924 3830 1275 3910; x_wconf 82' lang='lat' dir='ltr'>sedentes‚principes</span> <span class='ocrx_word' id='word_1_232' title='bbox 1286 3828 1336 3892; x_wconf 90' lang='lat' dir='ltr'>tui</span> 
     </span>
    </p>
   </div>
   <div class='ocr_carea' id='block_1_5' title="bbox 391 3927 1336 4012">
    <p class='ocr_par' dir='ltr' id='par_1_9' title="bbox 391 3927 1336 4012">
     <span class='ocr_line' id='line_1_35' title="bbox 391 3927 1336 4012; baseline -0.004 -18"><span class='ocrx_word' id='word_1_233' title='bbox 391 3930 544 3994; x_wconf 88' lang='lat' dir='ltr'>Romani</span> <span class='ocrx_word' id='word_1_234' title='bbox 555 3928 672 3994; x_wconf 90' lang='lat' dir='ltr'>hostes</span> <span class='ocrx_word' id='word_1_235' title='bbox 684 3930 719 3992; x_wconf 92' lang='lat' dir='ltr'>in</span> <span class='ocrx_word' id='word_1_236' title='bbox 734 3927 848 4012; x_wconf 85' lang='lat' dir='ltr'>capite</span> <span class='ocrx_word' id='word_1_237' title='bbox 858 3930 919 3993; x_wconf 87' lang='lat' dir='ltr'>tibi</span> <span class='ocrx_word' id='word_1_238' title='bbox 933 3929 1028 4004; x_wconf 85' lang='lat' dir='ltr'>facti,</span> <span class='ocrx_word' id='word_1_239' title='bbox 1045 3948 1109 3991; x_wconf 89' lang='lat' dir='ltr'>sua</span> <span class='ocrx_word' id='word_1_240' title='bbox 1120 3928 1336 4012; x_wconf 86' lang='lat' dir='ltr'>phylacteria</span> 
     </span>
    </p>
   </div>
   <div class='ocr_carea' id='block_1_6' title="bbox 388 4121 1336 4324">
    <p class='ocr_par' dir='ltr' id='par_1_10' title="bbox 388 4121 1336 4324">
     <span class='ocr_line' id='line_1_36' title="bbox 426 4121 1172 4186; baseline -0.003 -13"><span class='ocrx_word' id='word_1_241' title='bbox 426 4121 474 4173; x_wconf 74' lang='lat' dir='ltr'>&#39;A</span> <span class='ocrx_word' id='word_1_242' title='bbox 497 4140 562 4186; x_wconf 81' lang='lat' dir='ltr'>copy</span> <span class='ocrx_word' id='word_1_243' title='bbox 584 4125 614 4173; x_wconf 82' lang='lat' dir='ltr'>of</span> <span class='ocrx_word' id='word_1_244' title='bbox 633 4124 683 4173; x_wconf 84' lang='lat' dir='ltr'>this</span> <span class='ocrx_word' id='word_1_245' title='bbox 705 4125 849 4185; x_wconf 85' lang='lat' dir='ltr'>document,</span> <span class='ocrx_word' id='word_1_246' title='bbox 874 4122 1172 4184; x_wconf 81' lang='lat' dir='ltr'>Usurpations,iii.914.</span> 
     </span>
     <span class='ocr_line' id='line_1_37' title="bbox 388 4191 1336 4256; baseline -0.002 -14"><span class='ocrx_word' id='word_1_247' title='bbox 388 4194 449 4242; x_wconf 88' lang='lat' dir='ltr'>with</span> <span class='ocrx_word' id='word_1_248' title='bbox 458 4194 632 4244; x_wconf 85' lang='lat' dir='ltr'>considerable</span> <span class='ocrx_word' id='word_1_249' title='bbox 640 4195 785 4256; x_wconf 83' lang='lat' dir='ltr'>variatione,</span> <span class='ocrx_word' id='word_1_250' title='bbox 794 4195 848 4242; x_wconf 88' lang='lat' dir='ltr'>will</span> <span class='ocrx_word' id='word_1_251' title='bbox 910 4193 921 4224; x_wconf 77' lang='lat'>²</span> <span class='ocrx_word' id='word_1_252' title='bbox 936 4191 1100 4253; x_wconf 62' lang='lat' dir='ltr'>‘ancillantiss</span> <span class='ocrx_word' id='word_1_253' title='bbox 1112 4191 1170 4242; x_wconf 70' lang='grc' dir='ltr'>ΜΒ.</span> <span class='ocrx_word' id='word_1_254' title='bbox 1183 4191 1336 4242; x_wconf 81' lang='lat' dir='ltr'>Coll.Trin.&#39;</span> 
     </span>
     <span class='ocr_line' id='line_1_38' title="bbox 388 4260 1209 4324; baseline -0.002 -11"><span class='ocrx_word' id='word_1_255' title='bbox 388 4265 419 4313; x_wconf 84' lang='lat' dir='ltr'>be</span> <span class='ocrx_word' id='word_1_256' title='bbox 447 4263 525 4312; x_wconf 83' lang='lat' dir='ltr'>found</span> <span class='ocrx_word' id='word_1_257' title='bbox 553 4265 580 4311; x_wconf 91' lang='lat' dir='ltr'>in</span> <span class='ocrx_word' id='word_1_258' title='bbox 611 4264 735 4324; x_wconf 86' lang='lat' dir='ltr'>Prynne&#39;s</span> <span class='ocrx_word' id='word_1_259' title='bbox 765 4263 848 4324; x_wconf 84' lang='lat' dir='ltr'>Papal</span> <span class='ocrx_word' id='word_1_260' title='bbox 908 4260 1029 4312; x_wconf 78' lang='lat' dir='ltr'>³Jerem.</span> <span class='ocrx_word' id='word_1_261' title='bbox 1042 4262 1113 4310; x_wconf 88' lang='lat' dir='ltr'>Lam.</span> <span class='ocrx_word' id='word_1_262' title='bbox 1126 4263 1155 4310; x_wconf 89' lang='lat' dir='ltr'>ii.</span> <span class='ocrx_word' id='word_1_263' title='bbox 1168 4265 1209 4311; x_wconf 81' lang='grc'>13.</span> 
     </span>
    </p>
   </div>
   <div class='ocr_carea' id='block_1_7' title="bbox 0 0 1594 4992">
    <p class='ocr_par' dir='ltr' id='par_1_11' title="bbox 0 0 1594 4992">
     <span class='ocr_line' id='line_1_39' title="bbox 0 0 1594 4992; baseline 0 0"><span class='ocrx_word' id='word_1_264' title='bbox 0 0 1594 4992; x_wconf 95' lang='lat' dir='ltr'> </span> 
     </span>
    </p>
   </div>
  </div>
 </body>
</html>
