3126 4986
433 455 607 503 weuram
633 456 679 502 nu
703 455 985 504 namucensem
1137 441 1181 504 23

221 601 394 690 percussit
427 612 660 692 castigatione
701 612 843 677 crudeli.
907 612 1040 676 Civitas
1087 613 1178 676 enim
1204 631 1295 670 muare
1304 632 1322 671 1.

224 709 469 787 Ptolomensis,
498 730 576 792 quae
605 719 640 776 et
668 710 763 775 Acra
785 712 1011 775 communiter
1040 711 1176 790 dicitnr,
1188 681 1338 814 Ἢ

223 809 310 890 proh
336 809 456 874 dolor!
481 811 602 874 incidit
628 811 664 873 in
687 830 811 874 manus
834 812 949 892 gentis
969 810 1123 892 prosanae
1140 819 1175 876 et
1186 784 1325 914 illidito*

221 908 430 973 immundae:
454 911 679 990 spurcissima
704 929 791 991 gens
816 929 893 974 eam
920 910 1116 992 occuparit,
1138 920 1174 976 et
1291 901 1297 914 ’

222 1008 357 1070 abrasis
373 1007 580 1072 christianae
606 1009 783 1090 religionis
810 1009 1003 1104 insignibus
1025 1009 1172 1072 immun·

221 1105 373 1170 dissimae
386 1115 492 1170 sectae
508 1127 581 1171 suae
591 1107 784 1188 sacrilegiis
800 1107 1012 1190 profanavit.
1054 1107 1173 1190 Hujus

223 1211 338 1267 autem
364 1206 570 1270 miserabilis
597 1215 633 1270 et
660 1206 784 1270 famosi
812 1207 1008 1271 exterminii
1032 1225 1170 1270 causam

221 1303 329 1367 fuisse
351 1311 496 1386 peccata
521 1305 602 1388 plus
624 1305 727 1370 solito
749 1306 965 1382 inundantia,
987 1324 1088 1368 nemo
1111 1305 1170 1369 de-

221 1403 280 1465 bet
297 1405 494 1484 ambigere:
522 1411 621 1468 erant
644 1405 734 1468 enim
758 1405 869 1468 nostri
890 1404 1086 1468 incivitate
1106 1404 1170 1469 illa

221 1509 357 1578 sancta,
382 1522 463 1580 non,
487 1511 527 1566 ut
549 1503 643 1579 olim,
663 1505 729 1567 viri
748 1505 860 1567 sancti
885 1511 921 1568 et
947 1503 1099 1584 religiosi
1124 1523 1170 1567 ex

221 1602 315 1663 omni
340 1602 481 1666 natione
504 1622 582 1684 quae
609 1603 673 1666 sub
701 1602 790 1667 coelo
815 1611 880 1678 est,
908 1603 969 1666 sed
999 1622 1044 1665 ex
1075 1604 1169 1666 omni

222 1707 326 1779 gente
345 1699 545 1765 Christiana
558 1702 698 1778 fatuosi,
715 1703 897 1779 luxuriosi,
909 1701 1047 1778 ebriosi,
1061 1702 1168 1779 mimi,

221 1806 256 1861 et
271 1798 475 1874 histriones;
501 1800 565 1865 hoc
580 1820 680 1865 omne
699 1820 808 1882 genus
824 1801 861 1864 in
880 1801 1055 1865 civitatem
1071 1800 1166 1863 illam

221 1904 375 1961 sanctam
396 1906 561 1981 tanquam
583 1901 619 1962 in
633 1901 803 1963 sentinam
820 1900 994 1980 quandam
1010 1898 1165 1962 conflux-

221 2004 306 2072 erat,
339 2016 484 2080 eamque
505 1999 676 2063 obscoenis
706 1999 859 2062 moribus
891 2005 928 2060 et
954 1998 1090 2060 actibus
1114 1998 1166 2059 in-

222 2095 433 2175 quinabant:
457 2097 543 2162 istas
569 2117 653 2179 ergo
678 2097 863 2178 praedictas
891 2095 1062 2159 credimus
1092 2114 1167 2158 esse

221 2193 418 2257 offensionis
433 2214 557 2259 causas
576 2196 654 2273 Dei,
674 2195 876 2278 perditionis
891 2213 975 2258 vero
993 2195 1168 2275 sequentis

221 2293 348 2372 primos
376 2301 491 2358 motus
521 2313 597 2358 esse
622 2293 722 2358 tales.
776 2294 876 2376 Papa
896 2293 1033 2375 quidem
1059 2291 1167 2356 Nico·

220 2390 295 2454 laus
331 2391 399 2470 IV.
443 2393 619 2456 orientalis
666 2393 820 2457 ecclesiae
866 2392 977 2456 zelum
1022 2390 1165 2468 habens,

219 2507 282 2569 pro
307 2490 446 2555 Christo
472 2492 639 2556 crucifixo
663 2492 699 2556 in
730 2498 955 2572 augmentum
979 2489 1165 2553 Christiani

220 2590 394 2652 exercitus
414 2591 509 2654 misit
530 2591 623 2672 apud
645 2590 771 2654 Acrem
787 2607 849 2654 xv.
866 2591 974 2654 millia
990 2588 1164 2652 hominum

218 2689 366 2769 propriis
378 2689 450 2752 suis
466 2690 650 2772 stipendiis
670 2689 900 2763 militaturos3
925 2689 1078 2771 quicum
1100 2688 1165 2750 ibi·

219 2785 297 2848 dem
322 2787 478 2851 facerent
502 2807 634 2852 moram
666 2788 899 2870 prolixiorem,
926 2787 1165 2850 deficientibus

219 2885 358 2949 tandem
369 2889 585 2964 necessariis,
596 2887 745 2968 contigit
758 2887 895 2952 eosdem
904 2886 1050 2949 multum
1065 2905 1166 2967 egere

218 2991 254 3046 et
273 3003 460 3066 pauperem
480 2986 605 3049 ducere
625 2987 746 3063 vitam,
769 2990 1024 3048 murmurantes
1046 2990 1167 3046 contra

219 3101 336 3145 eorum
361 3085 581 3166 praepositos,
608 3094 643 3149 et
663 3084 755 3167 jussi
780 3092 863 3146 sunt
891 3089 953 3146 aut
976 3081 1167 3161 repatriare

220 3181 275 3243 vel
290 3181 482 3245 ‘sibimet’¹
498 3184 583 3264 ipsis
597 3184 632 3248 in
647 3182 850 3247 necessariis
865 3179 1064 3261 providere:
1095 3179 1166 3259 qui,

219 3282 479 3361 opportunitate
509 3289 662 3365 captata,
692 3280 931 3362 spoliaverunt
958 3284 1167 3341 mercatores

220 3377 469 3443 Saracenorum
496 3389 531 3444 et
553 3380 707 3457 Soldani,
720 3380 758 3441 in
773 3397 860 3461 pace
878 3384 913 3442 et
935 3384 1060 3458 treuga
1075 3394 1168 3439 com-

220 3478 315 3539 muni
338 3486 533 3542 mercantes
555 3479 695 3554 ibidem,
718 3477 932 3543 trucidantes
963 3477 1110 3558 aliquos,
1132 3481 1168 3539 et

219 3576 489 3642 contradictores
521 3597 567 3640 ex
600 3586 675 3642 toto
707 3578 934 3659 perimentes;
970 3575 1061 3657 quod
1088 3593 1166 3638 cum

219 3673 371 3739 Soldano
386 3683 478 3740 esset
494 3677 705 3752 nunciatum,
721 3676 834 3739 missis
851 3675 985 3738 nunciis
1003 3674 1046 3736 ad
1062 3672 1166 3735 Tem-

218 3773 348 3853 plarios
379 3782 414 3837 et
443 3774 688 3857 Hospitalares
712 3781 924 3856 caeterosque
950 3773 1166 3837 Christianos

218 3871 393 3952 praediotae
409 3873 505 3937 urbis
528 3874 628 3955 petiit
647 3875 683 3936 in
695 3873 760 3936 hoc
774 3873 867 3936 facto
883 3873 949 3936 sibi
967 3877 1002 3934 et
1013 3870 1085 3934 suis
1094 3871 1167 3952 jus-

216 3969 329 4032 titiam
359 3971 526 4048 exhiberi,
553 3980 782 4052 auctoresque
808 3971 892 4034 facti
916 3971 1047 4048 absque
1076 3967 1173 4028 omni·

500 4193 506 4223 ¹
525 4195 639 4257 ‘semet’
650 4195 707 4244 MS.
720 4193 786 4242 cort.
797 4192 855 4240 l'ib.
