3178 4992
264 653 355 694 Edwnrd
366 653 384 694 1.

264 705 290 744 Δ.
298 704 326 742 D.
336 704 393 744 1297.

416 462 481 527 124
782 473 992 524 onnourcou
1095 481 1096 484 ¹

415 643 495 700 rent
518 632 742 711 immobilem,
768 640 803 698 et
825 632 955 696 diutius
980 632 1044 696 sub
1068 632 1201 698 incerto
1227 638 1369 696 ventum

418 737 599 800 verberare
636 734 808 810 nolentes
840 731 955 796 missis
988 731 1031 795 ad
1069 751 1188 814 regem
1220 731 1369 809 nunciis,

416 841 629 918 rogaverunt
651 852 729 898 eum
752 841 793 896 ut
818 832 1033 915 subscriptos
1058 833 1225 896 articulos
1244 851 1308 914 pro
1331 851 1369 896 se

416 943 452 998 et
464 954 528 1017 pro
544 933 673 1017 populo
690 931 872 996 emendare
883 930 1036 1014 juberet,
1052 931 1258 1015 adjicientes
1273 931 1367 1013 quod

417 1035 447 1098 si
468 1034 614 1099 Certum
636 1033 852 1096 Libertatum
874 1030 1079 1096 confirmare
1102 1032 1209 1096 vellet
1225 1038 1261 1095 et
1283 1031 1367 1095 arti-

418 1134 514 1199 culos
535 1135 719 1216 corrigere,
743 1131 858 1214 parati
883 1138 982 1195 erant
1004 1150 1122 1196 omnes
1144 1151 1223 1196 eum
1244 1131 1367 1214 ‘sequi

416 1235 452 1298 in
469 1235 576 1298 vitam
594 1234 651 1299 vel
666 1232 701 1295 in
718 1231 887 1296 mortem.’
902 1229 911 1264 ¹

415 1454 577 1523 Articuli²
585 1477 659 1543 quos
671 1455 799 1522 (irruitur
810 1456 966 1542 petierunt
975 1456 1111 1522 Nomine
1122 1455 1367 1522 Oouuuuuitutir.

254 1655 397 1704 memus
469 1631 537 1697 Ces
570 1639 674 1696 sonnt
704 1632 755 1696 les
784 1635 1061 1695 monstraunces‘
1080 1650 1124 1713 qe
1152 1628 1367 1708 erceveskes,

254 1716 339 1745 remon-

254 1759 338 1795 rtrsnee
347 1757 369 1794 to

253 1806 291 1846 tue
300 1805 365 1856 Ktng.

418 1730 575 1809 eveskeS,
594 1732 713 1808 abbes,
737 1731 885 1813 priours,
900 1738 1057 1808 countes,
1074 1738 1109 1796 et
1131 1731 1315 1808 barounes,
1331 1737 1367 1794 et

417 1838 495 1895 tout
509 1831 544 1895 la
555 1831 789 1896 comuniautie
801 1830 843 1894 de
859 1831 894 1894 la
907 1839 998 1895 terre
1013 1838 1236 1896 monstrenta
1250 1838 1368 1894 nostre

417 1931 581 2012 seignour
596 1930 629 1994 le
647 1951 722 2014 roy,
739 1938 775 1994 et
789 1930 1024 1996 humblement
1046 1931 1096 1993 lui
1113 1931 1239 2013 prient‚
1254 1950 1330 1994 com
1346 1949 1368 1994 u
1391 2015 1393 2019 Α

417 2030 493 2094 leur
510 2032 683 2112 seignour,
703 2049 746 2112 qe
769 2040 881 2094 uestes
897 2030 1020 2095 choseu
1035 2031 1119 2094 voill
1144 2030 1318 2094 redresser
1332 2037 1368 2094 et

418 2132 600 2196 amendere
619 2131 655 2194 al,
675 2130 809 2194 honour
829 2131 872 2195 de
897 2130 959 2207 lui,
975 2138 1011 2194 et
1035 2131 1110 2194 ala
1126 2129 1304 2194 salvacion
1319 2129 1366 2193 du
1420 2175 1423 2181 ·

417 2231 531 2312 pople.
583 2230 638 2294 En
655 2230 795 2313 primes,
810 2231 836 2294 il
852 2230 982 2294 semble
1004 2249 1026 2293 a
1047 2237 1121 2294 tote
1138 2229 1174 2294 la
1189 2249 1368 2294 commun·

418 2331 488 2394 alte
504 2331 545 2394 de
561 2330 596 2393 la
610 2337 703 2394 terre
720 2350 763 2412 qe
781 2331 813 2394 le
835 2331 1067 2411 gernisement
1083 2349 1126 2412 qe
1148 2329 1218 2394 feet
1231 2327 1286 2392 lur
1301 2329 1367 2394 fuit

417 2449 482 2512 pur
496 2429 622 2494 lebret
632 2437 749 2494 nostre
759 2431 924 2511 seignour
936 2430 969 2494 le
983 2449 1044 2513 rey
1055 2449 1099 2494 ne
1110 2429 1175 2493 fuit
1189 2449 1253 2512 pas
1269 2447 1367 2493 assez

417 2527 621 2604 sufficiam,
637 2549 704 2612 pur
727 2549 789 2593 ceo
810 2549 854 2611 qe
877 2530 902 2592 il
924 2549 971 2612 ny
986 2531 1083 2594 avoit
1102 2529 1162 2592 nul
1185 2530 1314 2593 certein
1328 2528 1366 2592 lu

417 2629 576 2711 especifie
597 2648 643 2692 ou
665 2628 708 2692 ils
731 2629 909 2694 devereint
932 2629 1045 2710 alere3
1069 2648 1129 2693 car
1143 2629 1252 2693 solom
1274 2629 1307 2692 le
1329 2629 1364 2691 ln

416 2735 568 2810 oouyent
578 2729 604 2792 il
616 2728 687 2792 fere
701 2729 737 2792 la
748 2729 990 2811 purveiaunce‚
1006 2737 1041 2794 et
1053 2730 1209 2810 puissent
1223 2747 1369 2793 aversne

416 2829 448 2891 le
462 2828 563 2910 quele
577 2829 603 2892 il
619 2828 775 2893 duissent
789 2829 839 2892 lui
850 2829 922 2893 sere
937 2830 1048 2894 servis
1065 2848 1110 2892 ou
1125 2848 1238 2893 noune
1250 2826 1279 2908 ;3
1300 2847 1367 2910 pur

416 2948 477 2992 ceo
496 2947 539 3010 qe
558 2928 611 2992 dit
634 2936 688 2992 est
706 2929 975 2993 comunialment
995 2949 1038 3011 qe
1060 2936 1178 2993 nostre
1203 2929 1368 3010 seignour

415 3028 448 3091 le
472 3048 532 3111 rey
553 3036 639 3092 vout
654 3047 775 3110 passer
792 3048 835 3092 en
854 3029 1059 3106 Flaundres‚
1083 3029 1158 3092 avis
1174 3036 1227 3092 est
1244 3047 1265 3092 a
1289 3034 1367 3091 tout

415 3128 450 3192 la
467 3128 698 3192 communalte
714 3149 756 3211 qe
770 3128 806 3192 le
821 3148 864 3192 ne
879 3129 1029 3212 deyvent
1043 3128 1066 3191 il
1084 3129 1143 3192 nul
1159 3129 1269 3194 servis
1283 3128 1366 3206 fere,

416 3248 481 3310 pur
507 3248 569 3292 ceo
592 3247 635 3310 qe
658 3247 754 3305 eans,
772 3248 815 3292 ne
842 3228 898 3291 lur
918 3229 1198 3311 predecessours‚
1216 3248 1258 3292 ne
1280 3246 1367 3291 aun-

416 3335 558 3404 cestres,
575 3327 687 3391 unkes
717 3347 761 3392 en
782 3327 855 3392 cele
877 3335 968 3392 terre
990 3325 1164 3392 ‘servis’⁴
1188 3347 1232 3392 ne
1254 3327 1367 3391 firent.

418 3427 464 3490 Et
485 3425 625 3490 tut‘t'uit
647 3427 673 3489 il
694 3427 797 3491 issint
814 3445 856 3508 qe
873 3427 915 3489 ils
934 3427 1080 3491 dussent
1096 3427 1151 3492 ‘le
1167 3422 1316 3491 servis’⁵
1331 3425 1367 3491 lu

417 3545 463 3589 ou
481 3526 623 3601 aliours,
639 3526 683 3589 ils
709 3545 752 3588 ne
775 3527 912 3591 aveient
934 3546 998 3609 pas
1015 3547 1100 3609 poer
1115 3527 1158 3590 de
1176 3525 1287 3602 forle,
1302 3545 1370 3607 pur

417 3643 479 3688 ceo
502 3643 545 3706 qe
569 3625 612 3687 ils
635 3632 720 3689 ount
736 3632 808 3689 este
831 3633 907 3690 tant
930 3645 1053 3708 gretes
1073 3628 1116 3690 de
1133 3627 1286 3690 diverses
1301 3625 1369 3688 tal-

455 3826 462 3857 ¹
479 3829 615 3892 ‘persequi
632 3831 659 3878 in
677 3832 756 3879 vitam
773 3835 799 3880 et
815 3845 880 3880 mor·
904 3833 961 3880 sion
971 3831 1022 3880 tbis
1033 3845 1143 3894 passage
1150 3831 1173 3880 is
1182 3846 1210 3880 as
1222 3833 1321 3882 follows
1328 3850 1370 3883 2—

417 3901 486 3964 tem,'
498 3901 555 3950 MS.
568 3900 635 3950 Oott.
646 3901 703 3950 Tib.
904 3902 982 3962 ‘qnia
993 3902 1132 3950 secundnm
1143 3902 1227 3950 lorum
1239 3905 1370 3965 oportebat

452 3969 463 4001 ²
478 3971 560 4020 These
578 3970 690 4020 Anticles
712 3985 755 4020 ere
774 3970 880 4019 omitted
904 3971 988 4021 facere
999 3971 1193 4034 providentiam,
1200 3976 1226 4020 et
1236 3974 1369 4034 pecuniam

417 4043 444 4090 in
456 4042 514 4091 MS.
526 4040 592 4090 0011.
601 4040 681 4103 Trin.‚
689 4040 740 4090 and
752 4054 794 4088 are
806 4041 881 4102 given
905 4041 1008 4090 babere.
1045 4041 1080 4090 Et
1091 4043 1144 4090 sive
1162 4042 1282 4091 deberent
1293 4045 1372 4092 servi·

402 4109 444 4160 'in
465 4113 539 4160 Latin
557 4112 591 4173 by
601 4111 777 4174 Walsinghenr
796 4112 823 4158 in
839 4110 881 4160 bis
905 4112 969 4160 tium
980 4111 1073 4174 faeere,
1085 4112 1138 4160 sive
1149 4111 1218 4162 nom’

418 4183 488 4231 Hist.
500 4181 567 4245 Aug.
579 4197 605 4242 p.
617 4185 659 4243 ⁷1,
670 4183 711 4231 ed.
723 4181 845 4231 eamden.
941 4180 951 4211 ⁴
970 4181 1120 4243 ‘servyees,'
1132 4181 1190 4231 MS.
1202 4180 1334 4231 eorunm.

452 4249 464 4282 ³
481 4250 512 4298 In
523 4251 720 4314 Walsingbum's
739 4251 814 4300 Latin
826 4265 881 4300 ver·
942 4247 952 4278 ⁵
967 4252 1022 4300 ‘lez
1031 4251 1160 4313 servicez,’
1173 4251 1229 4303 MS.
1237 4251 1305 4302 Gott.
1312 4251 1370 4302 Tib.
