3166 4992
435 465 608 515 wnnrnnr
631 466 680 514 no
703 467 988 516 neurnonuncn.
1123 453 1189 516 203

236 625 433 692 celsitudini
463 635 638 711 potestate
664 627 897 713 compelleret,
925 636 965 693 ut
993 629 1087 693 dioto
1115 629 1188 710 epi·
1214 641 1337 733 {⁶3⁸5}ss

235 745 342 808 scopo
355 747 491 792 omnem
503 748 681 793 rancorem
692 731 895 806 remitteret,
906 736 941 794 et
951 730 1187 811 episcopatum
1203 719 1313 825 Kinghd-
1337 722 1342 734 '
1363 723 1365 727 ’
1398 725 1399 730 ’

237 845 339 889 suum
357 846 434 891 eum
458 828 584 892 babere
607 829 643 892 in
666 848 752 911 pace
768 829 995 912 permitteret.
1048 828 1094 892 Et
1108 835 1189 911 post
1202 825 1352 876 '²¹⁶'·¹⁰1’¹l·

238 929 499 993 conventionem
533 928 749 1010 praedictam,
774 929 810 992 in
840 929 985 993 ecclesia
1016 926 1187 992 ‘sancti’¹

238 1024 335 1089 Petri
363 1027 516 1090 Eborum
542 1046 658 1102 coram
683 1027 859 1110 praedictis
884 1029 1023 1110 regibus
1048 1025 1186 1109 Angliae

238 1130 274 1186 et
299 1125 439 1201 Scotiae,
461 1133 496 1192 et
521 1126 637 1190 David
661 1127 768 1192 fratre
791 1147 866 1204 suo,
887 1134 922 1192 et
941 1128 1103 1191 universo
1126 1146 1188 1208 po-

239 1223 335 1303 pulo,
350 1226 516 1307 episcopi,
534 1227 690 1303 comitae,
708 1227 868 1304 barones,
884 1227 1010 1290 milites
1030 1227 1073 1289 de
1093 1233 1187 1291 terra

238 1324 358 1404 ‘regni
368 1321 397 1358 '²
416 1325 543 1389 Scotiae
559 1325 769 1410 juraverunt
784 1326 923 1389 domino
945 1327 1019 1408 regi
1034 1324 1185 1406 Angliae,

237 1431 273 1485 et
288 1423 443 1488 Henrioo
467 1423 539 1488 lilio
557 1444 634 1502 suo,
650 1433 686 1490 et
715 1426 910 1489 haeredibus
927 1445 1058 1502 eorum,
1075 1425 1185 1488 fideli-

236 1528 343 1585 tatem
377 1531 499 1588 contra
532 1530 686 1588 ‘omnem
722 1523 938 1602 hominem‚'³
973 1525 1063 1590 sicut
1093 1524 1186 1605 ligiis

238 1620 384 1686 dominis
406 1623 501 1698 suis3
530 1631 565 1688 et
584 1623 675 1688 idem
694 1625 888 1689 Willelmus
906 1645 969 1688 rex
991 1623 1185 1699 Scotorum,

238 1721 281 1784 ad
300 1722 499 1787 mandatum
522 1723 614 1805 regis
632 1724 778 1788 Henrici
795 1724 964 1807 praedicti,
981 1723 1076 1788 venit
1093 1723 1185 1805 apud

239 1819 543 1886 Northamtoniam
575 1823 618 1886 ad
651 1823 918 1904 parliamentum
952 1823 1080 1886 domini
1118 1823 1185 1899 sui,

237 1920 411 1986 adducens
434 1941 549 1986 secum
573 1942 693 1987 omnes
719 1923 913 2005 episcopoS,
937 1923 1094 1998 abbatae,
1116 1923 1186 2002 pri-

237 2039 315 2083 ores
337 2022 443 2085 totius
468 2022 566 2104 regni
591 2022 656 2085 sui.
709 2023 756 2086 Et
776 2023 871 2087 venit
894 2023 999 2086 etiam
1024 2020 1068 2084 ad
1091 2021 1185 2103 ejus-

236 2119 314 2182 dem
339 2121 432 2202 regis
458 2120 597 2202 Angliae
621 2122 821 2186 mandatum
854 2122 890 2185 in
920 2119 1182 2184 Normanniam.

237 2219 282 2282 Et
307 2219 397 2283 idem
422 2240 485 2284 rex
504 2221 700 2286 Willelmus
724 2228 805 2303 post
825 2221 1004 2284 decessum
1030 2217 1183 2300 ‘regis’⁴

237 2319 394 2396 Henrici,
411 2321 548 2384 veniens
572 2320 810 2397 Cantuariam,
832 2320 985 2384 Ricardo
1011 2319 1085 2400 regi
1109 2317 1183 2382 An-

235 2417 327 2500 gliae,
343 2419 414 2484 filio
429 2427 464 2483 et
475 2419 601 2484 haeredi
616 2420 699 2484 dieti
711 2420 868 2498 Henrici,
881 2421 962 2484 fecit
973 2419 1182 2500 homagium.

237 2516 317 2596 Quo
352 2519 505 2584 Ricardo
538 2520 630 2584 viam
663 2521 834 2585 universae
867 2519 981 2584 carnis
1012 2520 1182 2600 ingresso,

236 2618 422 2698 ‘praefatus
436 2615 465 2654 '⁵
496 2619 695 2684 Willelmus
727 2619 880 2685 Johanni
921 2619 996 2700 regi
1029 2616 1182 2699 Angliae,

236 2716 334 2781 fratri
366 2728 401 2782 et
427 2719 556 2784 haeredi
588 2720 745 2802 praedicti
774 2720 866 2802 regis
894 2718 1051 2795 Ricardi,
1081 2725 1182 2782 extra

234 2817 409 2882 civitatem
428 2819 701 2883 Lincolniensem
723 2837 827 2901 super
841 2819 1014 2900 quendam
1029 2826 1181 2881 montem

233 2917 269 2980 in
296 2925 480 2999 conspectu
512 2919 622 2980 omnis
652 2917 772 3000 populi
797 2918 880 2981 fecit
909 2916 1119 2996 homagium,
1146 2922 1181 2979 et

229 3015 365 3098 juravit
405 3017 436 3080 ei
475 3015 676 3080 fidelitatem
716 3035 820 3096 super
855 3034 992 3078 oruoem
1029 3015 1182 3076 Huberti

234 3122 316 3178 tunc
340 3115 599 3179 cantuariensis
624 3114 891 3197 archiepiscopi;
920 3121 955 3177 et
981 3112 1090 3175 eidem
1117 3113 1140 3176 J
1144 3133 1181 3175 o·

234 3214 351 3292 hanni,
377 3222 544 3296 tanquam
568 3214 705 3278 domino
732 3233 807 3290 suo,
831 3233 894 3294 per
922 3219 1055 3276 cartam
1082 3230 1180 3274 suam

233 3315 403 3378 concessit
426 3314 519 3396 quod
549 3313 789 3378 Alexandrum
816 3313 924 3376 filium
952 3330 1065 3387 suum,
1091 3311 1181 3374 sicut

234 3414 406 3478 hominem
431 3413 553 3495 ligium
578 3433 689 3489 suurn,
717 3413 916 3487 maritaret;
949 3410 1181 3493 promittendo

232 3513 376 3578 firmiter
400 3515 436 3576 in
464 3521 562 3577 carta
589 3514 720 3590 eadem,
749 3513 840 3595 quod
866 3511 957 3574 idem
983 3511 1180 3584 willelmos
1218 3533 1219 3538 ¹

231 3633 294 3676 rex
317 3613 499 3678 Scotorum
524 3623 560 3678 et
574 3611 776 3676 Alexander
792 3611 882 3674 filius
907 3630 990 3674 suus
1014 3610 1180 3686 Henrico,

231 3711 303 3775 filio
331 3715 422 3793 regis
438 3713 578 3795 Angliae
599 3713 786 3787 iohannis,
816 3721 981 3793 tanquam
1009 3711 1093 3792 ligio
1119 3710 1180 3772 do·

232 3811 323 3874 mino
341 3831 415 3889 suo,
433 3820 556 3876 contra
570 3832 688 3877 omnes
711 3812 875 3875 mortales
900 3810 1001 3874 fidem
1018 3817 1053 3872 et
1071 3808 1179 3871 fideli-

266 4090 271 4119 ¹
292 4091 396 4152 ‘beuti‚’
406 4092 465 4140 Rot.
753 4089 763 4118 ⁴
780 4090 858 4138 ‘dicti
869 4091 954 4152 regis,'
966 4092 1025 4143 aot.

263 4159 274 4188 ²
290 4163 392 4224 ‘regies
405 4162 463 4210 Rot.

262 4229 521 4293 ³‘0m11eshomines,’
529 4231 586 4280 MS.
597 4231 690 4281 Lansd.
752 4228 762 4258 ⁵
780 4231 952 4295 ‘sepefatum’
964 4233 1022 4282 Rot.
