3144 4990
380 458 446 522 364
746 472 956 522 eunouroou

218 636 310 727 Em
314 637 367 726 ,2¹11
380 628 469 692 enim
479 626 822 709 libroRegum,quod
835 629 1011 705 Salomon,
1019 631 1138 709 regum
1149 630 1331 712 sapientis·

218 770 264 809 Th,
273 771 342 809 mh.
380 728 499 802 simns,
511 728 662 791 seniores
676 729 973 810 sapientioresque
992 736 1093 791 terrac
1104 749 1178 792 suae
1194 731 1331 805 ascivit,

218 819 368 918 ssffssfggffff..
380 826 526 908 provido
540 845 686 908 quorum
702 827 846 890 consilio
869 846 1040 909 sensuque
1059 829 1200 910 proprio
1222 835 1328 892 totam

218 919 357 1019 {tffitffl‘
381 934 506 989 terram
518 925 630 989 Israel
643 927 679 988 in
691 945 778 1006 pace
790 926 938 990 obtinuit
953 934 988 990 et
1001 927 1128 1008 quiete,
1141 946 1329 1009 omnesque

381 1043 481 1106 reges
501 1024 567 1088 sibi
588 1025 819 1110 conterminos
834 1025 1007 1089 voluntati
1034 1045 1106 1089 suae
1129 1026 1330 1091 tributarios

381 1123 503 1188 habuit
528 1132 563 1186 et
587 1123 772 1206 subjectos.
826 1123 894 1188 Illo
920 1132 1036 1188 autem
1050 1125 1141 1188 viam
1160 1127 1329 1190 universae

382 1223 495 1286 carnis
528 1224 696 1303 ingresso,
728 1223 887 1302 regnavit
910 1223 1001 1286 filius
1036 1243 1120 1287 suus
1156 1223 1328 1302 Roboam,

382 1322 443 1402 qui
473 1321 704 1402 praetermisso
737 1323 909 1385 seniorum
941 1323 1002 1403 qui
1036 1343 1113 1386 cum
1148 1330 1246 1404 patre
1277 1324 1331 1387 fu-

383 1428 482 1484 erant
506 1419 660 1510 oonsilio,
678 1419 867 1502 juvenibus
889 1422 955 1484 sibi
978 1422 1116 1503 placere
1135 1422 1328 1486 volentibus

383 1518 542 1595 adbaesit,
573 1518 661 1581 unde
697 1524 732 1582 et
762 1527 889 1582 terram
926 1520 1048 1597 Israel,
1085 1529 1211 1602 praeter
1244 1521 1328 1585 duo·

382 1617 549 1680 decimam
581 1623 723 1699 partem,
762 1617 829 1680 sibi
866 1638 887 1682 a
922 1619 1071 1683 Domino
1104 1627 1327 1697 reservatam,

376 1717 473 1798 juste
499 1715 625 1778 amisit.
677 1715 852 1798 Multique
885 1737 984 1799 reges
1008 1719 1130 1795 Israel,
1159 1726 1327 1783 terrarum

381 1816 521 1897 insuper
543 1815 700 1890 aliarum,
716 1815 808 1878 malo
830 1816 924 1880 ducti
946 1818 1100 1894 consilio,
1116 1817 1159 1880 ad
1182 1838 1327 1899 magnas

381 1915 516 1995 inopias
542 1914 722 1978 devenere.
773 1915 820 1978 Et
844 1935 887 1978 ue
915 1917 1026 1993 vobis,
1042 1917 1189 1994 domine,
1208 1918 1327 1999 displi-

382 2021 470 2090 ceat,
480 2013 629 2078 recolitis
640 2014 777 2095 quidem
791 2015 882 2096 quod
897 2036 959 2097 per
976 2016 1129 2098 iniquum
1147 2013 1327 2081 consilium

382 2113 511 2176 dudum
535 2113 664 2176 domini
692 2114 800 2176 nostri
829 2115 921 2195 regis
946 2116 1055 2197 patris
1081 2116 1198 2191 vestri,
1225 2137 1327 2198 quem

384 2213 481 2275 Dens
511 2212 690 2275 absolvere
728 2213 900 2293 dignetur,
929 2222 1051 2278 contra
1093 2213 1188 2296 leges
1227 2223 1329 2278 terrae

384 2311 621 2393 Magnamque
656 2309 810 2388 Gartam,
849 2313 997 2396 majores
1031 2322 1131 2377 terrae
1174 2314 1329 2395 aliosque

384 2412 488 2492 cepit,
504 2411 606 2473 morti
621 2409 845 2492 adjudicavit,
860 2412 951 2476 bona
974 2412 1127 2494 diripuit,
1143 2414 1328 2477 nonnullos

383 2509 674 2590 redemptionibus
712 2510 926 2589 gravissimis
963 2507 1128 2575 vexavit:
1179 2519 1214 2575 et
1244 2511 1328 2594 quid

382 2607 443 2670 illa
472 2607 515 2670 de
546 2625 652 2670 causa
688 2609 862 2686 acciderit,
892 2611 990 2674 vobis
1019 2611 1235 2676 manifestum
1265 2619 1329 2677 est

384 2706 471 2770 Post
497 2705 572 2788 ejus
600 2711 736 2787 tempus
762 2727 823 2789 per
846 2707 1061 2773 consiliarios
1086 2711 1185 2773 vobis
1213 2710 1329 2774 adhae-

384 2812 499 2868 rentes
514 2805 586 2868 sere
605 2805 709 2869 corda
722 2806 841 2888 populi
859 2814 958 2872 terrae
971 2815 1096 2872 vestrae
1111 2810 1287 2886 amisistis,
1304 2829 1327 2873 a

383 2905 520 2986 quibus,
530 2913 569 2968 ut
583 2904 650 2967 sibi
663 2905 806 2986 placuit,
817 2925 880 2970 vos
892 2908 1017 2989 eripuit
1031 2907 1055 2971 J
1058 2897 1138 2972 esus
1147 2907 1324 2972 Christus:

383 3012 463 3084 post
491 3003 566 3068 haec
595 3010 709 3067 autem
741 3023 803 3086 per
831 3007 956 3069 bonam
990 3007 1328 3088 circumspectionem

384 3102 693 3184 discretionemque
738 3103 973 3185 praelatorum,
1024 3112 1238 3186 magnatum,
1287 3126 1328 3170 ac

384 3210 485 3265 terrac
517 3202 724 3283 sapientum,
759 3204 897 3284 negotia
928 3213 1044 3268 vestra
1090 3204 1205 3268 taliter
1246 3214 1328 3268 sunt

384 3300 544 3378 deducta,
556 3308 595 3364 ut
609 3301 743 3381 integre
760 3302 864 3364 corda
879 3303 998 3384 populi
1014 3303 1118 3367 vestri
1133 3303 1328 3384 possidetis

384 3407 418 3462 et
447 3401 498 3463 ita
522 3399 637 3462 clerici
665 3400 754 3462 sicut
787 3407 822 3463 et
853 3401 932 3464 laici
958 3403 1068 3483 magis
1094 3421 1196 3483 quam
1222 3403 1326 3466 alicui

383 3499 639 3579 progenitorum
659 3506 851 3564 vestrorum
870 3519 993 3563 marrus
1014 3509 1245 3583 porrexerunt
1266 3503 1327 3566 ad·

378 3596 547 3678 jutrices:
576 3597 694 3677 sicque
721 3616 806 3661 sano
834 3599 1005 3662 mediante
1030 3600 1183 3677 consilio,
1209 3601 1328 3682 populi

382 3695 489 3762 vestri
526 3694 705 3774 suffragio,
735 3698 849 3776 gratia
888 3718 1021 3762 necnon
1064 3699 1161 3763 vobis
1202 3718 1223 3761 a
1250 3700 1328 3763 Deo

381 3793 511 3856 collata
540 3794 584 3856 de
616 3793 762 3857 inimicis
794 3797 919 3860 vestris
950 3796 1077 3861 Scotiae
1107 3803 1143 3860 et
1172 3797 1328 3861 Franoiae

382 3892 532 3974 gloriose
548 3891 798 3974 triumphastis,
814 3897 905 3960 inter
921 3895 1138 3961 Christianos
1156 3897 1328 3979 principes

381 3993 528 4056 nobilior
556 3994 708 4074 reputati
745 3996 840 4058 estis.
907 3995 975 4059 Sed
1007 3997 1328 4078 impraesentiarum,

381 4110 443 4172 per
462 4092 617 4174 iniquum
640 4094 854 4174 quorundam
881 4101 981 4157 terrae
996 4102 1120 4158 vestrae
1148 4095 1329 4158 consilium

382 4191 441 4271 qui
467 4191 681 4255 commodum
702 4194 879 4274 proprium
906 4194 979 4257 sive
1003 4194 1189 4258 utilitatem
1218 4194 1329 4274 magis
