3138 4988
251 651 342 692 Edward
356 652 400 692 lll.

262 704 290 743 A.
297 703 325 742 Ι).
335 703 393 744 1³³⁹·

410 461 477 526 ale
786 475 992 524 canonicos

413 630 525 694 eidem
550 627 692 703 carolo,
715 634 869 710 tempore
891 627 1011 692 mortis
1035 646 1120 705 suae,
1147 647 1191 696 ex
1220 630 1363 694 descen·

252 757 398 767 ---
413 730 575 794 dentibus
607 747 723 791 secum
757 729 802 791 ab
819 727 956 812 ,eodem
991 727 1154 810 Philippo
1188 730 1364 796 masculus

250 787 323 826 Later
332 787 356 825 of

251 837 310 884 Χίης
318 837 361 876 lld.

251 887 309 925 ward
317 889 340 924 to
348 887 386 925 tbe

252 937 308 985 Pope
317 937 360 975 ancl

252 986 368 1032 cardinali,

414 836 590 911 superstes
615 827 805 910 proximior
826 826 931 890 fuerit
957 827 1074 890 nullus
1100 829 1211 905 nobiS,
1229 838 1266 892 et
1283 851 1361 912 per-

414 948 500 993 sona
515 928 662 991 feminea
678 928 762 990 dicti
783 927 891 1008 regni,
908 946 969 1009 per
981 926 1042 1010 jus
1060 927 1096 990 in
1114 928 1233 992 eodem
1252 948 1361 1010 regno

252 1035 396 1084 remugiunt
415 1038 589 1093 servatum
618 1027 821 1109 antiquitus,
853 1027 992 1090 sitnon
1022 1045 1149 1108 capax,
1181 1027 1272 1109 quod
1298 1050 1361 1093 nos

252 1087 286 1124 ltin
296 1085 342 1125 title
350 1089 373 1126 to

252 1138 289 1175 the
298 1135 404 1176 munros
410 1128 471 1212 jus
491 1128 589 1208 regni
611 1126 750 1209 praefati
775 1125 930 1190 favorem
950 1126 1094 1189 inviam
1117 1146 1232 1191 causae
1247 1128 1359 1193 finalis

252 1187 340 1226 haum.

415 1228 610 1302 attendens,
627 1246 670 1290 ne
693 1245 835 1306 regnum
855 1226 969 1307 ipsum
991 1226 1056 1288 sub
1077 1224 1225 1289 feminea
1245 1226 1361 1309 fragili

414 1326 663 1408 gubernatione
694 1325 843 1412 labatur,
865 1331 900 1388 et
923 1331 1063 1406 propter
1086 1324 1151 1389 hoc
1178 1345 1361 1407 personam

415 1425 568 1489 mulieris
585 1424 785 1500 excludens,
803 1442 872 1487 non
891 1423 1045 1488 excludit
1067 1443 1248 1506 personam
1270 1447 1361 1490 mas·

413 1526 483 1589 culi
513 1544 575 1607 per
610 1524 660 1587 sic
694 1522 872 1587 exclusam
906 1522 1067 1587 feminam
1111 1524 1360 1605 descendentia,

413 1645 456 1690 ne
468 1625 528 1688 liat
534 1624 671 1707 juribus
686 1641 821 1704 semper
832 1622 968 1686 odibilis
979 1624 1178 1706 prorogatio
1192 1624 1360 1703 odiorum,

413 1743 570 1807 personae
588 1722 747 1788 videlieet
766 1724 809 1786 ad
834 1741 1027 1804 personam,
1043 1742 1148 1788 sexus
1166 1724 1209 1788 ad
1225 1745 1359 1803 sexum,

413 1843 528 1888 causae
550 1823 595 1887 ad
619 1841 770 1898 causam,
785 1822 855 1888 odii
875 1822 917 1885 ad
941 1821 1106 1899 favorem,
1122 1842 1221 1900 neve,
1238 1832 1360 1889 contra

413 1924 529 2005 legum
558 1923 762 1987 traditiones
789 1941 998 1998 communes,
1027 1921 1210 1987 femineum
1236 1944 1359 2004 genus,

413 2024 472 2088 ubi
489 2023 640 2088 maxime
657 2021 700 2085 de
718 2022 796 2086 odio
818 2022 945 2102 agitur,
963 2023 1135 2108 concipiat
1157 2023 1359 2088 masculum.

413 2121 470 2186 Ad
505 2123 579 2186 haec
608 2122 710 2186 etiam
746 2141 808 2203 per
841 2121 901 2203 jus
942 2129 1165 2185 memoratum
1202 2141 1223 2184 a
1254 2143 1361 2204 reguo

413 2220 583 2303 fragilitas
600 2221 774 2285 muliebris
792 2220 999 2296 excluditur,
1014 2229 1054 2284 ut
1066 2240 1172 2301 regno
1187 2223 1360 2287 salubrius

414 2321 626 2398 consulatur,
642 2328 676 2385 et
701 2320 891 2402 proximior
915 2320 1089 2384 masculus
1116 2321 1361 2399 admittendus,

414 2420 502 2484 alias
543 2421 744 2484 admittatur
780 2419 958 2501 potissime
990 2419 1033 2482 ad
1061 2421 1122 2503 Jus
1152 2420 1236 2484 illud
1269 2423 1362 2503 quod

413 2519 681 2601 primordialiter
713 2537 735 2582 a
768 2525 880 2582 matre
900 2519 950 2581 sic
978 2519 1120 2582 exclusa
1148 2539 1217 2584 uon
1241 2522 1362 2598 oritur,

414 2619 534 2682 sedin
553 2625 713 2700 nepotem
738 2625 968 2699 propagatum
992 2619 1036 2681 ab
1063 2637 1130 2682 avo
1150 2620 1364 2700 originaliter

416 2717 604 2781 derivatur.
635 2715 803 2799 Alioquin
818 2724 1021 2799 sequeretur
1036 2728 1071 2781 et
1085 2719 1154 2782 alia
1169 2719 1363 2802 iniquitatis

415 2817 610 2880 absurditas
639 2837 701 2899 per
730 2817 1008 2898 prorogationem
1042 2817 1202 2883 odibilem
1240 2839 1362 2901 supra·

414 2915 554 2993 dictam,
567 2918 657 2999 quod
671 2916 914 2980 excluderetur
922 2914 1132 2980 collateralis
1148 2918 1364 3001 conjunctior

417 3025 454 3080 ut
489 3018 651 3080 remotior
679 3022 873 3090 vocaretur,
904 3035 980 3078 eum
1020 3022 1147 3091 tamen,
1180 3018 1255 3099 ipso
1284 3018 1363 3100 jure

416 3118 572 3197 gentium
601 3115 764 3186 naturali,
797 3114 922 3178 fratres
948 3121 983 3178 et
1013 3134 1149 3179 sorores
1178 3136 1364 3199 eorumque

416 3215 479 3279 filii
513 3218 549 3280 in
589 3215 806 3280 successione
843 3221 963 3278 mutua
994 3214 1250 3279 collateralibus
1287 3216 1366 3280 aliis

418 3315 561 3380 alterius
577 3315 676 3379 lineae
692 3314 929 3397 praeferantur.
983 3313 1029 3378 Et
1046 3315 1137 3379 unde
1161 3316 1291 3379 dietum
1303 3316 1364 3398 jus

417 3434 483 3495 pro
505 3415 604 3496 regni
626 3410 745 3478 favore
774 3433 815 3476 ac
844 3412 931 3476 odiis
958 3412 1114 3478 femineae
1135 3414 1363 3480 inhabilitatis

418 3512 461 3574 ad
477 3513 664 3592 regendum
681 3512 838 3576 exoritur
850 3519 921 3575 tam
932 3511 1023 3595 juris
1033 3532 1137 3595 quam
1153 3513 1362 3578 descenden-

418 3610 517 3687 tium,
535 3618 620 3693 ‘per
632 3609 659 3644 ’¹
676 3610 854 3674 femineam
878 3612 1109 3675 masculorum
1131 3612 1292 3696 injuriam
1308 3634 1367 3677 oc·

417 3710 513 3774 casio
526 3717 737 3774 nasceretur.
763 3709 798 3772 N
800 3729 838 3772 ec
851 3717 905 3773 est
920 3711 1075 3792 putanda
1087 3713 1268 3776 memorati
1273 3712 1365 3794 juris

417 3808 563 3897 intentio
594 3810 643 3874 sio
665 3809 784 3890 iniqua
810 3817 848 3873 ut
870 3818 1014 3874 matrem
1038 3818 1073 3875 et
1099 3809 1207 3874 lilium
1233 3813 1367 3878 rationo

418 3911 592 3982 contraria
635 3908 792 3972 similiter
826 3908 976 3972 damnet.
1045 3909 1158 3974 Immo
1194 3931 1213 3974 c
1246 3920 1367 3978 eontra

412 4011 503 4093 juris
532 4010 685 4094 ejusdem
708 4008 842 4092 judicio
871 4027 939 4090 quo
966 4015 1077 4072 mater
1103 4029 1125 4072 a
1150 4012 1367 4075 successione

718 4226 724 4254 ¹
743 4230 792 4276 ‘ne
803 4228 866 4290 per,'
878 4228 1061 4290 Walsingham.
