3126 4986
391 512 562 560 00000000
587 511 938 559 0000010000000.
1120 494 1143 556 3

189 665 320 728 viribus
335 668 417 731 totis
433 687 655 750 promovere;
675 676 710 731 et
725 667 806 731 licet
820 669 938 732 omnia
952 667 1140 749 poterimus
1165 680 1290 772 pruffl-

189 763 231 826 de
250 766 464 846 plenitudine
479 768 675 849 potestatis
689 767 849 831 volumus
866 767 1117 830 tamen‘nohis'
1128 765 1138 799 ¹
1151 816 1222 853 om„
1288 759 1293 768 ’

188 864 365 945 imponere
391 867 526 931 frenum
550 867 707 944 rationis,
723 875 763 930 ut
778 867 871 949 quod
895 866 998 930 fuerit
1015 885 1137 930 conoe·
1150 865 1263 964 ffififlss

189 963 339 1026 dendum
357 965 400 1028 de
422 967 595 1030 communi
617 967 762 1030 consilio
778 967 1019 1030 concedatur.''
1065 966 1138 1028 Da·

189 1074 315 1144 tusque
333 1074 386 1129 est
403 1067 435 1128 ei
450 1066 523 1129 dies
539 1065 584 1128 ad
597 1066 871 1148 respondendum
886 1067 922 1128 in
938 1065 1088 1146 scriptis,
1099 1073 1139 1128 ut

190 1161 245 1225 vel
257 1165 483 1228 concederent
492 1165 548 1228 vel
557 1174 669 1229 certas
680 1162 1139 1247 rationes‘praetenderent'²

190 1280 297 1342 quare
313 1282 384 1327 non
401 1273 493 1329 esset
509 1265 574 1328 hoc
587 1264 793 1329 faciendum.
839 1263 1055 1328 Adveniente
1069 1264 1137 1340 die,

189 1361 289 1424 multi
313 1372 574 1440 consenserunt,
597 1365 833 1429 contradicere
862 1384 932 1428 non
960 1353 1137 1440 audentes,

188 1461 280 1524 inter
307 1482 395 1545 quos
423 1463 684 1528 Cantuariensis
711 1465 1004 1545 archiepiscopus,
1030 1463 1138 1527 frater

191 1559 367 1626 Rohertus
383 1563 425 1626 de
450 1563 633 1645 Kiluerby,
654 1564 696 1627 de
714 1564 833 1628 ordine
851 1563 1136 1637 Praedicatorum,

190 1661 250 1740 qui
264 1681 327 1742 per
341 1681 468 1745 papam
489 1664 525 1726 in
539 1663 630 1726 hunc
652 1663 766 1727 locum
792 1663 926 1744 positus
947 1663 1071 1738 fuerat,
1087 1664 1138 1726 sic

189 1761 385 1841 respondit:
419 1761 561 1826 “Pater
582 1771 714 1839 sancte,
737 1782 825 1844 opus
851 1770 887 1824 et
911 1762 1040 1826 creatio
1064 1781 1136 1824 ma-

190 1878 295 1921 nuum
310 1868 503 1925 vestrarum
521 1881 587 1942 ego
606 1881 694 1940 sum,
720 1861 867 1926 ecclesia
890 1880 966 1924 mea
992 1861 1139 1924 ecclesia

190 1964 310 2022 vestra
338 1968 372 2024 et
401 1963 490 2024 bona
517 1980 594 2024 mea
621 1962 713 2024 bona
738 1968 857 2024 vestra
885 1967 987 2036 sunt3
1021 1958 1137 2039 dispo·

191 2057 264 2120 nite
274 2077 357 2139 ergo
372 2059 570 2123 deecclesia
584 2080 661 2122 mea
676 2068 711 2123 et
725 2059 768 2122 de
782 2059 883 2123 honis
898 2058 983 2121 meis
999 2058 1088 2120 sicut
1102 2061 1139 2120 et

190 2154 233 2218 de
250 2157 347 2221 honis
368 2160 550 2242 propriis’'
603 2159 701 2222 Inter
721 2164 867 2222 caeteros
881 2175 965 2220 vero
981 2157 1041 2238 qui
1058 2175 1138 2219 con·

190 2255 357 2320 tradicere
379 2265 642 2340 proposuerant,
659 2265 733 2321 erat
749 2256 809 2320 ille
825 2275 972 2337 magnus
989 2255 1138 2337 philoso-

188 2354 276 2435 phus
315 2358 480 2439 magister
509 2357 681 2421 Ricardus
713 2357 756 2419 de
788 2355 956 2437 Mapham
987 2356 1138 2418 decanus

190 2452 455 2536 lincolniensis3
475 2457 530 2520 hic
546 2475 646 2538 papea
658 2453 845 2520 ‘tradidit'³
860 2454 1059 2518 schedulam
1074 2474 1136 2516 ex-

189 2556 399 2618 cusatoriam
416 2557 656 2638 oppressiones
670 2553 873 2635 Anglicanae
887 2553 1041 2630 ecclesiae
1056 2573 1137 2617 con-

190 2652 366 2731 tinentem,
385 2663 457 2717 tum
473 2661 614 2736 propter
629 2673 790 2735 guerram
805 2653 1043 2734 longinquam,
1060 2671 1138 2733 qnae

189 2750 421 2834 interregem
446 2762 481 2817 01
508 2753 664 2817 subditos
689 2753 749 2816 diu
778 2753 912 2833 agitata
939 2752 1138 2827 duraverat,

191 2857 263 2914 tum
279 2859 422 2934 propter
439 2851 644 2916 solutionem
665 2852 820 2927 decimae,
842 2872 903 2933 per
917 2869 1043 2933 papam
1064 2853 1138 2930 regi

191 2967 363 3014 concessae
375 2971 436 3032 per
448 2957 528 3014 ‘sex
540 2949 567 2984 ’⁴
584 2969 704 3026 00000,
716 2951 860 3014 dicendo
877 2951 913 3014 in
928 2957 1064 3014 tantum
1076 2967 1138 3029 op-

190 3066 344 3128 pressam
361 3050 453 3133 quod
472 3051 530 3114 vix
549 3050 697 3133 adjicere
724 3058 842 3132 posset
867 3057 908 3112 ut
932 3055 1138 3128 resurgeret.

193 3146 258 3210 Cui
269 3149 407 3212 tandem
422 3150 511 3212 dixit
523 3169 636 3232 papa:
662 3155 684 3183 “
697 3149 846 3213 Domine
856 3149 999 3222 decane,
1010 3147 1138 3208 dictas-

192 3247 264 3310 tine
279 3248 476 3312 schedulam
492 3247 581 3312 hanc
593 3250 630 3312 1”
684 3248 730 3311 Ε1
744 3247 802 3310 1110
818 3265 826 3308 :
846 3246 987 3309 “Pater
1009 3250 1138 3320 sancte,

192 3363 257 3426 ego
289 3347 416 3411 dictavi
444 3356 479 3412 01
503 3348 659 3430 scripsi.''
712 3347 758 3410 Et
783 3365 897 3428 papa:
921 3343 1140 3425 “Numquid

192 3446 363 3510 consentis
386 3454 438 3523 tu,
465 3446 520 3510 vel
545 3447 755 3510 contradicis
765 3445 803 3509 1”
856 3446 902 3509 Et
923 3444 1002 3509 ille:
1027 3448 1049 3478 “
1066 3443 1139 3507 Do-

191 3544 292 3622 mine,
316 3565 386 3609 non
414 3547 648 3610 contradico.’'
693 3546 740 3610 Et
769 3565 881 3629 papa:
909 3543 1056 3607 “Aliud
1086 3551 1140 3606 est

192 3663 259 3706 non
281 3646 488 3721 consentire,
506 3652 541 3708 et
563 3645 657 3709 aliud
682 3664 750 3708 non
774 3645 1029 3722 contradicere;
1058 3661 1139 3705 num

192 3761 274 3824 ergo
296 3745 521 3808 consentist”
574 3745 621 3809 Et
646 3745 772 3808 iterato
794 3741 992 3826 respondit:
1027 3747 1049 3776 “
1065 3741 1139 3805 Do-

190 3843 291 3919 mine,
319 3862 387 3906 non
413 3843 644 3907 contradico.''
690 3843 847 3926 Cumque
876 3863 920 3906 ex
944 3861 1002 3905 ore
1029 3841 1138 3922 ipsius

189 3941 282 4004 aliud
297 3941 425 4005 habere
439 3962 507 4006 non
523 3949 653 4024 posset,
667 3943 819 4024 privavit
837 3963 914 4007 eum
930 3941 1022 4005 omni
1038 3941 1140 4001 bene-

222 4117 232 4212 1
248 4119 353 4178 ινοὴίἣ,
365 4119 421 4168 Ms'
435 4119 502 4169 cm
513 4121 569 4169 Τὼ
716 4150 725 4180 ³
741 4151 896 4200 ‘tradiderat
906 4151 914 4172 ’
925 4148 981 4196 MS.
993 4147 1087 4197 Lansd.

248 4186 651 4252 ‘praetenderunt,'MSS.Lansd.
716 4219 725 4248 4
743 4221 824 4284 ‘v11.‚'
837 4185 973 4270 nasoon.
985 4219 1043 4267 Tib·

188 4258 238 4305 and
250 4257 317 4310 Gott.
328 4259 387 4308 Tib.

965 4349 1011 4393 02
