3178 4992
393 473 458 538 136
599 517 605 528 .
703 487 969 535 .οΗκοΝιοοΝ

242 662 334 705 mvsa
344 651 369 705 ι’
394 641 432 710 s'e
448 652 483 710 et
498 647 534 708 in
549 645 643 709 facto
661 645 827 727 praedicto
843 652 879 708 et
895 644 987 727 quod
1009 653 1147 726 gentem
1171 642 1344 726 propriam

232 715 381 780 Q
390 743 582 829 justificare
601 763 671 808 non
692 750 851 825 possent,
866 744 1018 808 dicentes
1038 761 1076 807 se
1098 762 1167 807 nou
1183 761 1286 825 posse
1300 742 1346 804 ab

230 815 335 932 ἔιῖἷῖἰὲἕ
396 845 446 908 eis
475 843 607 925 eripere
635 862 698 906 nec
728 861 836 924 equos
861 862 925 906 nec
954 861 1061 906 arma.
1114 840 1346 905 Mittebautur

332 975 335 982 =
397 943 502 1006 etiam
511 942 649 1006 interim
667 941 736 1006 duo
751 941 875 1005 iratres
888 941 1139 1006 Praedicatores
1153 939 1198 1003 ad
1214 939 1346 1002 exerci-

397 1048 471 1105 tum
491 1039 685 1117 Scotorum,
699 1041 760 1123 qui
779 1041 817 1103 in
839 1040 950 1104 altera
971 1047 1071 1122 parte
1094 1039 1219 1103 montis
1242 1056 1348 1119 supra

397 1139 644 1203 monasterium
669 1138 712 1203 de
735 1136 1005 1221 Skambskynel¹
1028 1157 1107 1202 cum
1127 1136 1189 1201 illo
1210 1137 1347 1200 latrone

397 1237 573 1303 Willelmo
588 1236 735 1320 Walays
758 1237 930 1312 latitabat,
958 1238 987 1301 si
1011 1236 1102 1301 forte
1126 1254 1245 1317 pacem
1273 1253 1346 1298 am-

398 1336 504 1419 plecti
539 1336 669 1400 vellent
705 1355 809 1417 quam
844 1336 1043 1400 tendebant.
1093 1332 1151 1398 Ad
1182 1333 1257 1397 haec
1288 1333 1347 1398 ille

397 1437 500 1512 latro,
526 1434 808 1511 “Renunciate,’'
833 1435 958 1517 inquit,
981 1434 1136 1498 “vestris
1161 1432 1253 1515 quod
1285 1435 1348 1513 pro

398 1535 489 1598 bono
517 1534 612 1614 pacis
639 1552 706 1596 non
733 1533 901 1608 venimus,
926 1533 987 1596 sed
1014 1532 1129 1615 parati
1157 1548 1277 1595 snmus
1304 1530 1347 1593 ad

399 1651 564 1715 pugnam,
580 1632 623 1696 ad
646 1631 890 1696 vindicandum
913 1632 1046 1695 scilicet
1065 1627 1186 1695 ‘nors'2
1208 1637 1244 1693 et
1264 1628 1350 1692 libe-

400 1731 545 1794 randum
563 1743 709 1812 regnum
724 1732 900 1795 nostrum!
952 1730 1155 1794 Ascendant
1170 1748 1254 1810 ergo
1270 1747 1349 1791 cum

400 1829 586 1904 voluerint,
604 1836 640 1893 et
655 1849 718 1892 nos
742 1835 883 1911 paratos
903 1829 1077 1893 invenient
1097 1829 1201 1892 ctiam
1220 1828 1255 1890 in
1270 1827 1347 1890 bar-

400 1929 464 1993 bas
478 1927 633 1993 eorum.’'
678 1929 787 1992 Erant
807 1934 935 2004 autem,
951 1934 990 1991 ut
1007 1927 1197 2002 dicebatur,
1212 1933 1349 1989 centum

401 2028 579 2108 octoginta
601 2027 846 2108 equestres‘ct
867 2025 1099 2108 quadraginta
1121 2025 1229 2089 millia
1254 2023 1350 2106 pedi·

401 2133 486 2190 tum.
524 2124 680 2208 Cumque
695 2125 781 2189 talia
802 2124 997 2188 dicerentur
1012 2125 1149 2199 nostris,
1165 2143 1246 2188 mox
1261 2140 1350 2205 prae-

401 2225 596 2307 sumptuosi
618 2225 790 2300 dicebant,
807 2222 1074 2287 “Aacendamus
1096 2223 1140 2286 ad
1162 2241 1233 2298 eos,
1248 2221 1350 2284 minae

401 2323 616 2387 enimsu'nt.”
635 2320 1349 2405 Sapientioresverosubjunxerunt,“Non

402 2420 628 2484 ascendamus
643 2420 766 2493 adhuc,
782 2421 842 2484 sed
866 2421 1008 2502 provide
1027 2420 1252 2485 deliberemus
1267 2420 1350 2501 quid

402 2519 500 2583 nobis
516 2517 771 2584 ‘consultius’⁸
793 2519 897 2583 fuerit
918 2519 1147 2584 faciendum.”
1199 2517 1255 2582 Ad
1278 2517 1352 2581 baec

403 2625 564 2682 strenuus
579 2617 638 2682 ille
652 2618 751 2682 miles
762 2617 936 2682 Ricardus
951 2617 1087 2701 Lundp,
1100 2619 1159 2700 qui
1173 2637 1211 2681 se
1225 2617 1352 2682 nostris

403 2715 546 2780 dederat
561 2717 653 2799 apud
671 2716 822 2798 Irewyn,
837 2716 1008 2781 “Domini
1024 2717 1102 2794 mei,
1118 2718 1147 2780 si
1160 2716 1353 2781 ascenderi-

402 2833 480 2878 mus
514 2823 653 2896 pontem
682 2815 808 2880 mortui
831 2834 962 2890 sumus,
994 2817 1179 2880 nonenim
1207 2815 1353 2880 transire

402 2915 592 2995 poterimus
620 2913 688 2977 nisi
710 2914 782 2976 bini
811 2922 847 2978 et
875 2914 959 2991 bini,
987 2922 1023 2979 et
1052 2914 1170 2979 hostes
1196 2914 1306 2978 nostri
1330 2933 1352 2978 a

401 3011 512 3077 latere
526 3021 617 3089 sunt,
634 3012 911 3094 descendentque
931 3031 1035 3095 super
1055 3033 1119 3077 nos
1138 3033 1217 3076 cum
1234 3014 1351 3076 volue-

402 3111 472 3176 rint
498 3131 618 3176 omnes
646 3113 683 3175 in
715 3131 785 3176 una
815 3111 949 3188 fronte3
988 3111 1047 3176 sed
1086 3120 1140 3176 est
1179 3111 1352 3193 quoddam

402 3210 529 3274 vadum
550 3231 619 3276 non
637 3210 741 3292 longe
763 3210 897 3285 abhinc,
919 3210 980 3273 ubi
996 3212 1144 3274 transire
1165 3210 1354 3292 poterimus

402 3308 520 3370 ‘ux.'⁴
541 3309 643 3372 simul
665 3309 701 3371 in
721 3329 791 3374 una
813 3310 898 3373 rice.
951 3308 1055 3372 Nunc
1073 3329 1156 3390 ergo
1175 3309 1355 3373 tradantur

386 3406 488 3469 mihi
513 3408 695 3488 quingenti
718 3414 896 3489 equestres
922 3414 958 3470 et
990 3407 1125 3471 modice
1150 3425 1232 3490 pars
1261 3407 1354 3488 pedi·

405 3511 490 3578 tum,
516 3505 787 3586 gyrabimusque
814 3504 932 3569 hostes
954 3525 977 3569 a
996 3513 1095 3588 tergo
1113 3514 1149 3571 et
1169 3505 1357 3570 debellabi-

404 3619 481 3662 mus
495 3621 575 3675 eos;
594 3602 799 3684 interimque
812 3621 887 3679 vos,
898 3604 1035 3668 domine
1049 3624 1176 3680 comes,
1191 3612 1226 3670 et
1241 3605 1356 3667 caeteri

404 3699 464 3780 qui
485 3701 662 3763 vobiscum
684 3708 778 3776 sunt,
801 3709 942 3783 pontem
966 3704 1158 3783 transibitis
1182 3702 1283 3768 valde
1305 3720 1357 3765 se·

404 3798 513 3861 curi.”
567 3798 765 3863 Nolueruut
785 3807 901 3864 autem
925 3820 1011 3864 sano
1032 3803 1251 3884 acquiescere
1276 3821 1357 3866 oon·

442 4015 575 4066 ¹Written
606 4015 661 4066 also
692 4015 868 4080 Oamyskynel
930 4015 1124 4082 ’‘consilium,’
1132 4018 1190 4070 MS.
1200 4019 1265 4068 Coll.
1273 4009 1360 4079 Arm.;

405 4087 455 4134 and
468 4085 665 4148 Oamyskennel.
894 4085 1031 4151 ‘consiliu’
1043 4087 1100 4138 MS.
1113 4089 1181 4138 Cott.
1193 4089 1251 4139 Tib.

440 4153 451 4181 ²
468 4155 583 4204 Omitted
594 4158 620 4206 in
632 4157 784 4207 Msecoll.
795 4157 867 4206 Arm.
929 4154 939 4182 ⁴
957 4156 965 4184 ‘
975 4152 1034 4219 xt.,'
1055 4157 1132 4208 MSS.
1151 4159 1287 4208 enituit.
1308 4158 1358 4206 aud

406 4225 455 4272 and
467 4223 535 4274 Cott.
545 4225 604 4276 Tib.
725 4243 727 4248 ·
867 4225 870 4230 '
895 4226 1052 4287 Cottvesp.
