3166 4992
419 504 590 552 wlurnm
615 503 662 550 uu
685 503 968 553 numinenuncn.
1102 491 1169 557 213

218 653 347 733 diuum,
374 666 408 723 et
440 659 553 742 legum
581 667 823 743 paternarum
856 660 900 726 ad
929 679 1076 745 quarum
1105 664 1167 731 ob.
1194 679 1284 719 uerna
1294 680 1312 718 1.

218 757 446 822 servationem
477 768 513 825 et
537 759 769 826 defensionem
794 781 838 824 ex
873 760 991 828 debito
1016 764 1165 845 praestiti
1178 730 1321 852 Tam.

212 854 403 938 juramenti
431 860 665 941 astringimur,
698 869 733 924 et
762 880 840 944 quae
863 863 1164 928 manutenebimus
1178 862 1258 902 rear.

218 961 292 1020 toto
326 975 440 1040 posse,
472 960 622 1042 totisque
655 960 785 1025 viribus
818 980 897 1024 cum
932 961 999 1025 Dei
1032 962 1165 1026 auxilio

216 1053 448 1124 defendemus.
500 1058 577 1123 Nec
600 1059 703 1123 ctiam
727 1060 969 1142 permittimus,
991 1069 1053 1126 aut
1076 1063 1163 1126 ‘ali-

216 1155 430 1235 quatenus’¹
464 1160 714 1241 permittemus,
752 1161 842 1224 sicut
882 1179 945 1223 nec
980 1180 1163 1243 possumus

216 1271 278 1322 nec
307 1256 482 1336 debemus,
510 1259 689 1341 praemissa
718 1266 789 1323 tam
818 1259 970 1336 insolita,
996 1260 1163 1340 indebita,

215 1353 466 1437 praejudicialis
496 1366 531 1422 et
562 1355 717 1422 ‘alias'2
751 1358 908 1422 inaudita
944 1358 1162 1442 praelibatum

214 1450 390 1520 dominum
417 1464 571 1522 nostrum
602 1455 782 1538 ‘regem,'³
804 1458 938 1524 etiamsi
969 1459 1084 1536 vellet,
1108 1459 1160 1523 fa·

214 1570 291 1616 cere
320 1575 381 1618 seu
413 1556 670 1639 quomodolibet
702 1563 922 1639 attemptare.
988 1557 1161 1638 Quocirca

214 1655 392 1720 sanctitati
409 1663 533 1722 vestrae
554 1663 751 1720 reverenter
773 1664 808 1720 et
831 1657 1006 1721 humiliter
1026 1658 1159 1740 suppli·

215 1771 345 1832 camus,
384 1763 556 1839 quatenus
599 1755 744 1820 eundem
784 1755 956 1819 dominum
1002 1765 1159 1824 nostrum

213 1869 342 1932 regem,
360 1857 420 1938 qui
440 1857 530 1920 inter
554 1855 641 1918 alios
662 1855 834 1939 principes
857 1855 950 1919 orbis
973 1863 1076 1920 terrae
1099 1876 1158 1920 ca·

214 1950 379 2018 tholicum
401 1975 438 2019 sc
461 1955 611 2030 exhibet,
630 1963 666 2020 et
687 1955 843 2018 ccclesiae
862 1955 1033 2018 Romanae
1051 1954 1159 2020 devo·

215 2058 300 2127 tum,
314 2054 397 2136 jura
415 2074 491 2131 sua,
507 2055 698 2131 libertates,
716 2053 991 2132 consuetudines,
1010 2061 1044 2118 et
1064 2055 1160 2136 leges

214 2152 382 2231 praedicta
398 2156 528 2237 absque
544 2155 770 2218 diminutione
788 2162 824 2217 et
842 2153 1080 2235 inquictudine
1097 2174 1159 2237 pa·

211 2250 308 2315 cilice
327 2254 513 2335 possidere,
528 2261 584 2319 ‘et
599 2252 674 2318 ea’⁴
692 2252 827 2317 illibata
841 2254 1024 2336 persistere
1039 2254 1159 2334 benig-

213 2351 289 2414 nius
306 2355 524 2434 permittatis
565 2353 609 2420 In
621 2352 720 2436 cujus
735 2354 784 2418 rei
798 2353 1032 2417 testimonium
1043 2352 1160 2434 sigilla

213 2459 431 2529 nostratem
454 2474 516 2537 pro
543 2453 642 2517 nobis
665 2472 767 2536 quam
789 2459 946 2535 prototo
968 2453 1158 2515 communi-

212 2557 285 2614 tate
319 2553 475 2635 praedicti
507 2555 604 2636 regni
637 2551 787 2635 Angliae,
818 2551 1046 2634 praesentibus
1076 2559 1159 2615 sunt

209 2667 372 2733 appensa.
429 2654 530 2718 Datae
548 2652 640 2735 apud
669 2652 885 2717 Lincolniam
903 2657 995 2714 ‘xm
1014 2650 1070 2715 die
1091 2650 1158 2724 Fe-

209 2749 380 2828 bruarii,'⁵
395 2773 485 2818 anno
500 2753 642 2817 Domini
658 2743 790 2818 M.cco.⁶

209 2971 368 3037 Dissentio
382 2974 464 3038 ictor
478 2974 668 3060 Episcopum
682 2973 918 3039 Dooobnonsem
933 2981 961 3037 et
976 2972 1158 3037 Monaedes.

261 3145 392 3209 Eodem
423 3165 514 3210 anuo
548 3153 626 3210 orta
663 3153 717 3210 est
753 3144 958 3208 execrabilis
991 3144 1159 3208 dissensio
1172 3164 1298 3204 norem.

1133 3244 1140 3259 ·
1171 3228 1297 3268 Dissension

209 3244 300 3309 inter
331 3245 506 3309 dominum
536 3244 750 3310 Anthonium
782 3243 1057 3310 Dunolmensem
1086 3263 1311 3326 ephemerum

209 3363 351 3427 scopum
368 3354 403 3409 et
431 3345 617 3410 Ricardum
641 3344 683 3407 de
702 3345 824 3408 Hotou
850 3345 1000 3427 priorem
1023 3350 1058 3409 et
1084 3329 1301 3418 mo-ssfflss'ssf‘nd

209 3443 338 3508 nachos
369 3445 631 3522 Dunolmensem·
656 3446 721 3508 sub
747 3443 858 3508 forma
885 3463 964 3526 quae
988 3443 1157 3524 sequitur.
1170 3428 1276 3468 ”mm

146 3566 149 3570 ·
209 3541 402 3626 Episcopus
417 3545 520 3620 enim,
533 3545 646 3609 missis
663 3543 772 3608 literis
788 3543 860 3607 suis
876 3562 939 3626 pro
958 3543 1157 3612 visitatione

208 3643 352 3724 capituli
361 3643 531 3720 facienda,
547 3643 717 3711 admissus
733 3651 785 3708 est
803 3644 838 3714 in
855 3642 1008 3714 crastino
1025 3640 1157 3714 Ascen-

244 3912 252 3945 ¹
269 3917 449 3980 ‘aliqualiter'
461 3919 537 3968 MSS.
693 3917 750 3979 pler
761 3917 863 3978 printed
881 3918 915 3974 by
927 3917 968 3965 Sir
980 3917 1009 3966 F.
1022 3917 1160 3978 Palgruve,

243 3982 354 4048 '‘alia‚'
366 3987 441 4036 MSS.
694 3988 721 4033 in
740 3986 783 4034 the
801 3986 1007 4046 Parliamentary
1029 3986 1119 4044 Writs‚
1141 3987 1159 4036 i.

241 4047 508 4105 'Omittedinmss
695 4059 752 4117 102,
774 4059 832 4104 ros.
867 4055 931 4103 Also
954 4054 995 4102 sir
1012 4055 1049 4106 Ν.
1067 4055 1160 4103 Hunis

241 4117 251 4146 ⁴
267 4125 315 4173 ‘ac
326 4125 390 4187 illa,'
402 4126 477 4178 MSS.
697 4123 826 4173 Nicolas's
838 4123 964 4173 Remarke
983 4139 1016 4171 on
1033 4123 1076 4172 the
1094 4125 1161 4176 ceals

240 4185 251 4216 ⁵
269 4196 384 4248 omitted
396 4197 423 4246 n
434 4195 509 4244 mss
696 4192 814 4242 attached
823 4197 849 4241 to
859 4193 911 4242 tuis
921 4193 1003 4255 letter,
1014 4194 1040 4241 in
1058 4194 1101 4243 tue
1114 4194 1161 4242 Ar-

240 4255 251 4286 ⁶
267 4265 315 4314 See
324 4266 366 4314 the
378 4266 464 4328 copies
476 4264 505 4314 ol
512 4263 574 4314 eacb
585 4277 671 4314 exem·
697 4263 848 4326 chaeologia,
859 4264 914 4314 xxi.
927 4267 982 4321 192.
