<?xml version="1.0" encoding="UTF-8"?>
<!DOCTYPE html PUBLIC "-//W3C//DTD XHTML 1.0 Transitional//EN"
    "http://www.w3.org/TR/xhtml1/DTD/xhtml1-transitional.dtd">
<html xmlns="http://www.w3.org/1999/xhtml" xml:lang="en" lang="en">
 <head>
  <title>
</title>
<meta http-equiv="Content-Type" content="text/html;charset=utf-8" />
  <meta name='ocr-system' content='tesseract 3.04.00' />
  <meta name='ocr-capabilities' content='ocr_page ocr_carea ocr_par ocr_line ocrx_word'/>
</head>
<body>
  <div class='ocr_page' id='page_1' title='image "./chronicondomini00hamigoog_0428.png"; bbox 0 0 3144 4990; ppageno 0'>
   <div class='ocr_carea' id='block_1_1' title="bbox 420 451 996 520">
    <p class='ocr_par' dir='ltr' id='par_1_1' title="bbox 420 451 996 520">
     <span class='ocr_line' id='line_1_1' title="bbox 420 451 996 520; baseline 0.007 -6"><span class='ocrx_word' id='word_1_1' title='bbox 420 451 486 516; x_wconf 86' lang='grc'><strong>414</strong></span> <span class='ocrx_word' id='word_1_2' title='bbox 787 471 996 520; x_wconf 70' lang='grc' dir='ltr'>οηιιοΝιοοΝ</span> 
     </span>
    </p>
   </div>
   <div class='ocr_carea' id='block_1_2' title="bbox 257 623 1446 4062">
    <p class='ocr_par' dir='ltr' id='par_1_2' title="bbox 257 623 1446 4062">
     <span class='ocr_line' id='line_1_2' title="bbox 259 623 1367 732; baseline 0.006 -45"><span class='ocrx_word' id='word_1_3' title='bbox 259 639 351 732; x_wconf 49' lang='lat' dir='ltr'><strong>{ruffi</strong></span> <span class='ocrx_word' id='word_1_4' title='bbox 354 638 408 728; x_wconf 48' lang='lat'>,2151-</span> <span class='ocrx_word' id='word_1_5' title='bbox 420 623 543 692; x_wconf 88' lang='lat' dir='ltr'><strong>dantes</strong></span> <span class='ocrx_word' id='word_1_6' title='bbox 576 645 692 692; x_wconf 88' lang='lat' dir='ltr'><strong>amere</strong></span> <span class='ocrx_word' id='word_1_7' title='bbox 721 633 793 692; x_wconf 87' lang='lat' dir='ltr'><strong>tam</strong></span> <span class='ocrx_word' id='word_1_8' title='bbox 826 626 1013 692; x_wconf 77' lang='lat' dir='ltr'><strong>fructuosae</strong></span> <span class='ocrx_word' id='word_1_9' title='bbox 1045 627 1154 708; x_wconf 82' lang='lat' dir='ltr'><strong>pacis,</strong></span> <span class='ocrx_word' id='word_1_10' title='bbox 1186 633 1259 692; x_wconf 89' lang='lat' dir='ltr'><strong>tam</strong></span> <span class='ocrx_word' id='word_1_11' title='bbox 1290 629 1367 694; x_wconf 86' lang='lat' dir='ltr'><strong>Deo</strong></span> 
     </span>
     <span class='ocr_line' id='line_1_3' title="bbox 258 715 1367 820; baseline 0.005 -32"><span class='ocrx_word' id='word_1_12' title='bbox 258 715 409 820; x_wconf 43' lang='grc' dir='ltr'><strong>ὤρορ’,</strong></span> <span class='ocrx_word' id='word_1_13' title='bbox 422 723 616 807; x_wconf 89' lang='lat' dir='ltr'><strong>placabilis,</strong></span> <span class='ocrx_word' id='word_1_14' title='bbox 658 733 694 789; x_wconf 88' lang='lat' dir='ltr'><strong>et</strong></span> <span class='ocrx_word' id='word_1_15' title='bbox 743 726 869 792; x_wconf 87' lang='lat' dir='ltr'><strong>nedum</strong></span> <span class='ocrx_word' id='word_1_16' title='bbox 918 727 1013 789; x_wconf 90' lang='lat' dir='ltr'><strong>utilis</strong></span> <span class='ocrx_word' id='word_1_17' title='bbox 1055 725 1115 790; x_wconf 91' lang='lat' dir='ltr'><strong>sed</strong></span> <span class='ocrx_word' id='word_1_18' title='bbox 1163 729 1367 794; x_wconf 79' lang='lat' dir='ltr'><strong>necessaria</strong></span> 
     </span>
     <span class='ocr_line' id='line_1_4' title="bbox 257 821 1368 919; baseline 0.005 -33"><span class='ocrx_word' id='word_1_19' title='bbox 257 821 404 919; x_wconf 46' lang='lat' dir='ltr'><strong>332²&amp;ss</strong></span> <span class='ocrx_word' id='word_1_20' title='bbox 421 823 587 905; x_wconf 82' lang='lat' dir='ltr'><strong>praedicto</strong></span> <span class='ocrx_word' id='word_1_21' title='bbox 633 825 774 904; x_wconf 83' lang='lat' dir='ltr'><strong>negotio</strong></span> <span class='ocrx_word' id='word_1_22' title='bbox 822 825 1066 900; x_wconf 88' lang='lat' dir='ltr'><strong>transmarino,</strong></span> <span class='ocrx_word' id='word_1_23' title='bbox 1106 825 1192 890; x_wconf 90' lang='lat' dir='ltr'><strong>totis</strong></span> <span class='ocrx_word' id='word_1_24' title='bbox 1237 828 1368 892; x_wconf 83' lang='lat' dir='ltr'><strong>viribus</strong></span> 
     </span>
     <span class='ocr_line' id='line_1_5' title="bbox 258 920 1368 1014; baseline 0.004 -29"><span class='ocrx_word' id='word_1_25' title='bbox 258 920 384 1014; x_wconf 53' lang='lat' dir='ltr'><strong>fflff‘l</strong></span> <span class='ocrx_word' id='word_1_26' title='bbox 422 921 568 986; x_wconf 87' lang='lat' dir='ltr'><strong>fideliter</strong></span> <span class='ocrx_word' id='word_1_27' title='bbox 590 930 625 990; x_wconf 88' lang='lat' dir='ltr'><strong>et</strong></span> <span class='ocrx_word' id='word_1_28' title='bbox 649 922 767 988; x_wconf 89' lang='lat' dir='ltr'><strong>sedule</strong></span> <span class='ocrx_word' id='word_1_29' title='bbox 792 923 962 988; x_wconf 87' lang='lat' dir='ltr'><strong>laborare.</strong></span> <span class='ocrx_word' id='word_1_30' title='bbox 1015 922 1187 1002; x_wconf 82' lang='lat' dir='ltr'><strong>Quocirca</strong></span> <span class='ocrx_word' id='word_1_31' title='bbox 1211 926 1368 1008; x_wconf 81' lang='lat' dir='ltr'><strong>magnifi-</strong></span> 
     </span>
     <span class='ocr_line' id='line_1_6' title="bbox 422 1021 1368 1104; baseline 0.003 -18"><span class='ocrx_word' id='word_1_32' title='bbox 422 1021 570 1088; x_wconf 87' lang='lat' dir='ltr'><strong>centiam</strong></span> <span class='ocrx_word' id='word_1_33' title='bbox 608 1023 738 1103; x_wconf 89' lang='lat' dir='ltr'><strong>regiam</strong></span> <span class='ocrx_word' id='word_1_34' title='bbox 773 1023 884 1104; x_wconf 87' lang='lat' dir='ltr'><strong>plenis</strong></span> <span class='ocrx_word' id='word_1_35' title='bbox 921 1023 1146 1104; x_wconf 81' lang='lat' dir='ltr'><strong>deprecamur</strong></span> <span class='ocrx_word' id='word_1_36' title='bbox 1175 1023 1368 1102; x_wconf 65' lang='lat' dir='ltr'><strong>affectibus</strong></span> 
     </span>
     <span class='ocr_line' id='line_1_7' title="bbox 422 1121 1368 1203; baseline 0.004 -19"><span class='ocrx_word' id='word_1_37' title='bbox 422 1129 458 1185; x_wconf 88' lang='lat' dir='ltr'><strong>ct</strong></span> <span class='ocrx_word' id='word_1_38' title='bbox 485 1139 648 1200; x_wconf 84' lang='lat' dir='ltr'><strong>rogamus</strong></span> <span class='ocrx_word' id='word_1_39' title='bbox 679 1129 812 1188; x_wconf 86' lang='lat' dir='ltr'><strong>attente</strong></span> <span class='ocrx_word' id='word_1_40' title='bbox 837 1122 1002 1203; x_wconf 84' lang='lat' dir='ltr'><strong>quatinus</strong></span> <span class='ocrx_word' id='word_1_41' title='bbox 1036 1121 1101 1186; x_wconf 90' lang='lat' dir='ltr'><strong>hiis</strong></span> <span class='ocrx_word' id='word_1_42' title='bbox 1131 1128 1167 1186; x_wconf 88' lang='lat' dir='ltr'><strong>et</strong></span> <span class='ocrx_word' id='word_1_43' title='bbox 1197 1125 1368 1188; x_wconf 86' lang='lat' dir='ltr'><strong>contentis</strong></span> 
     </span>
     <span class='ocr_line' id='line_1_8' title="bbox 422 1218 1367 1302; baseline 0.006 -21"><span class='ocrx_word' id='word_1_44' title='bbox 422 1219 459 1282; x_wconf 90' lang='lat' dir='ltr'><strong>in</strong></span> <span class='ocrx_word' id='word_1_45' title='bbox 485 1218 561 1282; x_wconf 87' lang='lat' dir='ltr'><strong>aliis</strong></span> <span class='ocrx_word' id='word_1_46' title='bbox 590 1222 717 1284; x_wconf 87' lang='lat' dir='ltr'><strong>nostris</strong></span> <span class='ocrx_word' id='word_1_47' title='bbox 741 1221 849 1286; x_wconf 86' lang='lat' dir='ltr'><strong>literis</strong></span> <span class='ocrx_word' id='word_1_48' title='bbox 883 1221 966 1284; x_wconf 91' lang='lat' dir='ltr'><strong>dicti</strong></span> <span class='ocrx_word' id='word_1_49' title='bbox 992 1221 1121 1302; x_wconf 84' lang='lat' dir='ltr'><strong>negotii</strong></span> <span class='ocrx_word' id='word_1_50' title='bbox 1148 1223 1367 1286; x_wconf 83' lang='lat' dir='ltr'><strong>transmarini</strong></span> 
     </span>
     <span class='ocr_line' id='line_1_9' title="bbox 423 1317 1367 1403; baseline 0.006 -23"><span class='ocrx_word' id='word_1_51' title='bbox 423 1325 553 1382; x_wconf 85' lang='lat' dir='ltr'><strong>statum</strong></span> <span class='ocrx_word' id='word_1_52' title='bbox 579 1317 715 1401; x_wconf 89' lang='lat' dir='ltr'><strong>plenius</strong></span> <span class='ocrx_word' id='word_1_53' title='bbox 740 1319 1022 1395; x_wconf 87' lang='lat' dir='ltr'><strong>describentibus,</strong></span> <span class='ocrx_word' id='word_1_54' title='bbox 1046 1319 1224 1384; x_wconf 86' lang='lat' dir='ltr'><strong>intellectu</strong></span> <span class='ocrx_word' id='word_1_55' title='bbox 1251 1322 1308 1403; x_wconf 92' lang='lat' dir='ltr'><strong>pio</strong></span> <span class='ocrx_word' id='word_1_56' title='bbox 1332 1329 1367 1386; x_wconf 91' lang='lat' dir='ltr'><strong>et</strong></span> 
     </span>
     <span class='ocr_line' id='line_1_10' title="bbox 422 1416 1367 1500; baseline 0.002 -18"><span class='ocrx_word' id='word_1_57' title='bbox 422 1417 574 1496; x_wconf 84' lang='lat' dir='ltr'><strong>benigno</strong></span> <span class='ocrx_word' id='word_1_58' title='bbox 598 1417 752 1484; x_wconf 83' lang='lat' dir='ltr'><strong>collectis</strong></span> <span class='ocrx_word' id='word_1_59' title='bbox 775 1425 811 1482; x_wconf 92' lang='lat' dir='ltr'><strong>et</strong></span> <span class='ocrx_word' id='word_1_60' title='bbox 841 1419 934 1483; x_wconf 88' lang='lat' dir='ltr'><strong>intra</strong></span> <span class='ocrx_word' id='word_1_61' title='bbox 956 1416 1110 1482; x_wconf 88' lang='lat' dir='ltr'><strong>claustra</strong></span> <span class='ocrx_word' id='word_1_62' title='bbox 1139 1419 1190 1482; x_wconf 92' lang='lat' dir='ltr'><strong>tui</strong></span> <span class='ocrx_word' id='word_1_63' title='bbox 1218 1421 1367 1500; x_wconf 87' lang='lat' dir='ltr'><strong>pectoris</strong></span> 
     </span>
     <span class='ocr_line' id='line_1_11' title="bbox 422 1515 1446 1604; baseline 0.006 -28"><span class='ocrx_word' id='word_1_64' title='bbox 422 1515 622 1596; x_wconf 82' lang='lat' dir='ltr'><strong>diligentius</strong></span> <span class='ocrx_word' id='word_1_65' title='bbox 648 1516 838 1594; x_wconf 82' lang='lat' dir='ltr'><strong>recensitis,</strong></span> <span class='ocrx_word' id='word_1_66' title='bbox 860 1534 929 1582; x_wconf 89' lang='lat' dir='ltr'><strong>non</strong></span> <span class='ocrx_word' id='word_1_67' title='bbox 950 1516 994 1581; x_wconf 89' lang='lat' dir='ltr'><strong>ad</strong></span> <span class='ocrx_word' id='word_1_68' title='bbox 1020 1535 1179 1596; x_wconf 84' lang='lat' dir='ltr'><strong>guerram</strong></span> <span class='ocrx_word' id='word_1_69' title='bbox 1201 1517 1367 1600; x_wconf 85' lang='lat' dir='ltr'><strong>adquam</strong></span> <span class='ocrx_word' id='word_1_70' title='bbox 1443 1597 1446 1604; x_wconf 25' lang='grc' dir='ltr'>Ι</span> 
     </span>
     <span class='ocr_line' id='line_1_12' title="bbox 422 1614 1367 1697; baseline 0.004 -21"><span class='ocrx_word' id='word_1_71' title='bbox 422 1620 458 1677; x_wconf 89' lang='lat' dir='ltr'><strong>te</strong></span> <span class='ocrx_word' id='word_1_72' title='bbox 490 1632 613 1694; x_wconf 88' lang='lat' dir='ltr'><strong>parare</strong></span> <span class='ocrx_word' id='word_1_73' title='bbox 646 1615 763 1696; x_wconf 88' lang='lat' dir='ltr'><strong>plures</strong></span> <span class='ocrx_word' id='word_1_74' title='bbox 795 1624 968 1691; x_wconf 87' lang='lat' dir='ltr'><strong>asserunt,</strong></span> <span class='ocrx_word' id='word_1_75' title='bbox 999 1615 1092 1697; x_wconf 92' lang='lat' dir='ltr'><strong>quod</strong></span> <span class='ocrx_word' id='word_1_76' title='bbox 1124 1614 1263 1680; x_wconf 88' lang='lat' dir='ltr'><strong>credere</strong></span> <span class='ocrx_word' id='word_1_77' title='bbox 1298 1635 1367 1680; x_wconf 89' lang='lat' dir='ltr'><strong>non</strong></span> 
     </span>
     <span class='ocr_line' id='line_1_13' title="bbox 424 1712 1366 1795; baseline 0.005 -21"><span class='ocrx_word' id='word_1_78' title='bbox 424 1712 590 1788; x_wconf 86' lang='lat' dir='ltr'><strong>valemus,</strong></span> <span class='ocrx_word' id='word_1_79' title='bbox 612 1713 764 1777; x_wconf 84' lang='lat' dir='ltr'><strong>maxime</strong></span> <span class='ocrx_word' id='word_1_80' title='bbox 781 1721 924 1795; x_wconf 87' lang='lat' dir='ltr'><strong>propter</strong></span> <span class='ocrx_word' id='word_1_81' title='bbox 944 1720 1087 1794; x_wconf 83' lang='lat' dir='ltr'><strong>treugas</strong></span> <span class='ocrx_word' id='word_1_82' title='bbox 1112 1713 1239 1778; x_wconf 87' lang='lat' dir='ltr'><strong>dudum</strong></span> <span class='ocrx_word' id='word_1_83' title='bbox 1262 1715 1366 1780; x_wconf 86' lang='lat' dir='ltr'><strong>initas</strong></span> 
     </span>
     <span class='ocr_line' id='line_1_14' title="bbox 418 1808 1366 1894; baseline 0.003 -18"><span class='ocrx_word' id='word_1_84' title='bbox 418 1808 628 1892; x_wconf 85' lang='lat' dir='ltr'><strong>juramento,</strong></span> <span class='ocrx_word' id='word_1_85' title='bbox 658 1819 763 1892; x_wconf 84' lang='lat' dir='ltr'><strong>prout</strong></span> <span class='ocrx_word' id='word_1_86' title='bbox 791 1812 959 1877; x_wconf 87' lang='lat' dir='ltr'><strong>celsitudo</strong></span> <span class='ocrx_word' id='word_1_87' title='bbox 990 1813 1087 1892; x_wconf 87' lang='lat' dir='ltr'><strong>regia</strong></span> <span class='ocrx_word' id='word_1_88' title='bbox 1117 1832 1184 1878; x_wconf 88' lang='lat' dir='ltr'><strong>non</strong></span> <span class='ocrx_word' id='word_1_89' title='bbox 1217 1814 1366 1894; x_wconf 86' lang='lat' dir='ltr'><strong>ignorat,</strong></span> 
     </span>
     <span class='ocr_line' id='line_1_15' title="bbox 423 1909 1366 1993; baseline 0.004 -21"><span class='ocrx_word' id='word_1_90' title='bbox 423 1909 588 1985; x_wconf 86' lang='lat' dir='ltr'><strong>firmatas,</strong></span> <span class='ocrx_word' id='word_1_91' title='bbox 604 1910 717 1975; x_wconf 89' lang='lat' dir='ltr'><strong>adhue</strong></span> <span class='ocrx_word' id='word_1_92' title='bbox 732 1929 842 1993; x_wconf 87' lang='lat' dir='ltr'><strong>usque</strong></span> <span class='ocrx_word' id='word_1_93' title='bbox 860 1911 904 1974; x_wconf 91' lang='lat' dir='ltr'><strong>ad</strong></span> <span class='ocrx_word' id='word_1_94' title='bbox 926 1911 1052 1976; x_wconf 84' lang='lat' dir='ltr'><strong>festum</strong></span> <span class='ocrx_word' id='word_1_95' title='bbox 1069 1911 1163 1975; x_wconf 86' lang='lat' dir='ltr'><strong>beati</strong></span> <span class='ocrx_word' id='word_1_96' title='bbox 1182 1911 1366 1976; x_wconf 84' lang='lat' dir='ltr'><strong>Michaelis</strong></span> 
     </span>
     <span class='ocr_line' id='line_1_16' title="bbox 423 2008 1367 2092; baseline 0.004 -22"><span class='ocrx_word' id='word_1_97' title='bbox 423 2009 582 2089; x_wconf 86' lang='lat' dir='ltr'><strong>proximo</strong></span> <span class='ocrx_word' id='word_1_98' title='bbox 604 2008 769 2085; x_wconf 85' lang='lat' dir='ltr'><strong>futurum,</strong></span> <span class='ocrx_word' id='word_1_99' title='bbox 786 2017 821 2074; x_wconf 91' lang='lat' dir='ltr'><strong>et</strong></span> <span class='ocrx_word' id='word_1_100' title='bbox 843 2009 967 2074; x_wconf 88' lang='lat' dir='ltr'><strong>abinde</strong></span> <span class='ocrx_word' id='word_1_101' title='bbox 989 2009 1131 2074; x_wconf 84' lang='lat' dir='ltr'><strong>inantea</strong></span> <span class='ocrx_word' id='word_1_102' title='bbox 1152 2029 1214 2092; x_wconf 88' lang='lat' dir='ltr'><strong>per</strong></span> <span class='ocrx_word' id='word_1_103' title='bbox 1239 2029 1367 2076; x_wconf 87' lang='lat' dir='ltr'><strong>aunum</strong></span> 
     </span>
     <span class='ocr_line' id='line_1_17' title="bbox 423 2108 1366 2191; baseline 0.004 -21"><span class='ocrx_word' id='word_1_104' title='bbox 423 2125 528 2170; x_wconf 86' lang='lat' dir='ltr'><strong>unum</strong></span> <span class='ocrx_word' id='word_1_105' title='bbox 558 2108 719 2175; x_wconf 87' lang='lat' dir='ltr'><strong>continue</strong></span> <span class='ocrx_word' id='word_1_106' title='bbox 740 2109 936 2184; x_wconf 88' lang='lat' dir='ltr'><strong>duraturas,</strong></span> <span class='ocrx_word' id='word_1_107' title='bbox 953 2108 1016 2172; x_wconf 86' lang='lat' dir='ltr'><strong>sed</strong></span> <span class='ocrx_word' id='word_1_108' title='bbox 1036 2109 1152 2190; x_wconf 86' lang='lat' dir='ltr'><strong>potius</strong></span> <span class='ocrx_word' id='word_1_109' title='bbox 1180 2109 1223 2174; x_wconf 84' lang='lat' dir='ltr'><strong>ad</strong></span> <span class='ocrx_word' id='word_1_110' title='bbox 1247 2129 1366 2191; x_wconf 84' lang='lat' dir='ltr'><strong>pacem</strong></span> 
     </span>
     <span class='ocr_line' id='line_1_18' title="bbox 422 2205 1364 2289; baseline 0.002 -18"><span class='ocrx_word' id='word_1_111' title='bbox 422 2206 550 2271; x_wconf 86' lang='lat' dir='ltr'><strong>munde</strong></span> <span class='ocrx_word' id='word_1_112' title='bbox 580 2205 838 2272; x_wconf 86' lang='lat' dir='ltr'><strong>desiderabilem</strong></span> <span class='ocrx_word' id='word_1_113' title='bbox 868 2206 1095 2272; x_wconf 85' lang='lat' dir='ltr'><strong>affectualiter</strong></span> <span class='ocrx_word' id='word_1_114' title='bbox 1126 2213 1161 2270; x_wconf 87' lang='lat' dir='ltr'><strong>te</strong></span> <span class='ocrx_word' id='word_1_115' title='bbox 1191 2207 1364 2289; x_wconf 84' lang='lat' dir='ltr'><strong>disponas,</strong></span> 
     </span>
     <span class='ocr_line' id='line_1_19' title="bbox 422 2305 1365 2390; baseline -0.002 -22"><span class='ocrx_word' id='word_1_116' title='bbox 422 2311 564 2385; x_wconf 87' lang='lat' dir='ltr'><strong>treugas</strong></span> <span class='ocrx_word' id='word_1_117' title='bbox 594 2305 688 2387; x_wconf 89' lang='lat' dir='ltr'><strong>ipsas</strong></span> <span class='ocrx_word' id='word_1_118' title='bbox 717 2325 816 2388; x_wconf 89' lang='lat' dir='ltr'><strong>quas,</strong></span> <span class='ocrx_word' id='word_1_119' title='bbox 843 2312 946 2386; x_wconf 85' lang='lat' dir='ltr'><strong>prout</strong></span> <span class='ocrx_word' id='word_1_120' title='bbox 981 2305 1085 2372; x_wconf 85' lang='lat' dir='ltr'><strong>babet</strong></span> <span class='ocrx_word' id='word_1_121' title='bbox 1116 2306 1248 2370; x_wconf 89' lang='lat' dir='ltr'><strong>relatus</strong></span> <span class='ocrx_word' id='word_1_122' title='bbox 1280 2327 1365 2390; x_wconf 53' lang='lat' dir='ltr'><strong>quo,</strong></span> 
     </span>
     <span class='ocr_line' id='line_1_20' title="bbox 421 2402 1366 2485; baseline 0.002 -17"><span class='ocrx_word' id='word_1_123' title='bbox 421 2402 566 2468; x_wconf 77' lang='lat' dir='ltr'><strong>rendam</strong></span> <span class='ocrx_word' id='word_1_124' title='bbox 596 2404 823 2485; x_wconf 88' lang='lat' dir='ltr'><strong>displicibilis,</strong></span> <span class='ocrx_word' id='word_1_125' title='bbox 859 2403 968 2485; x_wconf 85' lang='lat' dir='ltr'><strong>aliqui</strong></span> <span class='ocrx_word' id='word_1_126' title='bbox 1004 2404 1047 2472; x_wconf 84' lang='lat' dir='ltr'><strong>de</strong></span> <span class='ocrx_word' id='word_1_127' title='bbox 1085 2413 1184 2485; x_wconf 87' lang='lat' dir='ltr'><strong>parte</strong></span> <span class='ocrx_word' id='word_1_128' title='bbox 1222 2412 1283 2470; x_wconf 90' lang='lat' dir='ltr'><strong>tua</strong></span> <span class='ocrx_word' id='word_1_129' title='bbox 1316 2408 1366 2470; x_wconf 80' lang='lat' dir='ltr'><strong>in·</strong></span> 
     </span>
     <span class='ocr_line' id='line_1_21' title="bbox 421 2495 1367 2589; baseline 0.007 -26"><span class='ocrx_word' id='word_1_130' title='bbox 421 2500 570 2581; x_wconf 82' lang='lat' dir='ltr'><strong>fringere</strong></span> <span class='ocrx_word' id='word_1_131' title='bbox 585 2507 589 2516; x_wconf 91' lang='lat'>&#39;</span> <span class='ocrx_word' id='word_1_132' title='bbox 605 2502 802 2576; x_wconf 86' lang='lat' dir='ltr'><strong>moliuntur,</strong></span> <span class='ocrx_word' id='word_1_133' title='bbox 838 2501 947 2589; x_wconf 84' lang='lat' dir='ltr'><strong>facias</strong></span> <span class='ocrx_word' id='word_1_134' title='bbox 987 2495 1243 2578; x_wconf 83' lang='lat' dir='ltr'><strong>inviolabiliter,</strong></span> <span class='ocrx_word' id='word_1_135' title='bbox 1275 2505 1367 2570; x_wconf 87' lang='lat' dir='ltr'><strong>sicut</strong></span> 
     </span>
     <span class='ocr_line' id='line_1_22' title="bbox 422 2596 1368 2678; baseline 0.007 -18"><span class='ocrx_word' id='word_1_136' title='bbox 422 2596 522 2662; x_wconf 88' lang='lat' dir='ltr'><strong>decet</strong></span> <span class='ocrx_word' id='word_1_137' title='bbox 552 2598 767 2664; x_wconf 84' lang='lat' dir='ltr'><strong>honestatem</strong></span> <span class='ocrx_word' id='word_1_138' title='bbox 802 2600 945 2678; x_wconf 87' lang='lat' dir='ltr'><strong>regiam,</strong></span> <span class='ocrx_word' id='word_1_139' title='bbox 979 2600 1177 2674; x_wconf 79' lang='lat' dir='ltr'><strong>observari3</strong></span> <span class='ocrx_word' id='word_1_140' title='bbox 1222 2620 1301 2664; x_wconf 87' lang='lat' dir='ltr'><strong>eum</strong></span> <span class='ocrx_word' id='word_1_141' title='bbox 1332 2611 1368 2667; x_wconf 86' lang='lat' dir='ltr'><strong>et</strong></span> 
     </span>
     <span class='ocr_line' id='line_1_23' title="bbox 422 2696 1368 2777; baseline 0.004 -17"><span class='ocrx_word' id='word_1_142' title='bbox 422 2696 587 2777; x_wconf 80' lang='lat' dir='ltr'><strong>praefatus</strong></span> <span class='ocrx_word' id='word_1_143' title='bbox 614 2717 676 2762; x_wconf 81' lang='lat' dir='ltr'><strong>rex</strong></span> <span class='ocrx_word' id='word_1_144' title='bbox 700 2697 857 2764; x_wconf 87' lang='lat' dir='ltr'><strong>Franciae</strong></span> <span class='ocrx_word' id='word_1_145' title='bbox 883 2697 940 2760; x_wconf 89' lang='lat' dir='ltr'><strong>cui</strong></span> <span class='ocrx_word' id='word_1_146' title='bbox 967 2698 1241 2764; x_wconf 85' lang='lat' dir='ltr'><strong>observationem</strong></span> <span class='ocrx_word' id='word_1_147' title='bbox 1274 2707 1368 2764; x_wconf 86' lang='lat' dir='ltr'><strong>treu-</strong></span> 
     </span>
     <span class='ocr_line' id='line_1_24' title="bbox 422 2795 1366 2878; baseline 0.006 -20"><span class='ocrx_word' id='word_1_148' title='bbox 422 2813 546 2874; x_wconf 87' lang='lat' dir='ltr'><strong>garum</strong></span> <span class='ocrx_word' id='word_1_149' title='bbox 573 2799 728 2878; x_wconf 87' lang='lat' dir='ltr'><strong>ipsarum</strong></span> <span class='ocrx_word' id='word_1_150' title='bbox 762 2803 798 2860; x_wconf 90' lang='lat' dir='ltr'><strong>et</strong></span> <span class='ocrx_word' id='word_1_151' title='bbox 827 2795 1032 2878; x_wconf 86' lang='lat' dir='ltr'><strong>quibusdam</strong></span> <span class='ocrx_word' id='word_1_152' title='bbox 1071 2795 1147 2862; x_wconf 88' lang='lat' dir='ltr'><strong>aliis</strong></span> <span class='ocrx_word' id='word_1_153' title='bbox 1179 2804 1366 2864; x_wconf 88' lang='lat' dir='ltr'><strong>tractatum</strong></span> 
     </span>
     <span class='ocr_line' id='line_1_25' title="bbox 423 2893 1366 2976; baseline 0.011 -22"><span class='ocrx_word' id='word_1_154' title='bbox 423 2893 625 2974; x_wconf 81' lang='lat' dir='ltr'><strong>praedictum</strong></span> <span class='ocrx_word' id='word_1_155' title='bbox 641 2894 876 2976; x_wconf 87' lang='lat' dir='ltr'><strong>tangentibus,</strong></span> <span class='ocrx_word' id='word_1_156' title='bbox 893 2913 955 2976; x_wconf 87' lang='lat' dir='ltr'><strong>per</strong></span> <span class='ocrx_word' id='word_1_157' title='bbox 975 2894 1204 2960; x_wconf 88' lang='lat' dir='ltr'><strong>venerabilem</strong></span> <span class='ocrx_word' id='word_1_158' title='bbox 1225 2894 1366 2964; x_wconf 83' lang='lat' dir='ltr'><strong>fratrem</strong></span> 
     </span>
     <span class='ocr_line' id='line_1_26' title="bbox 424 2991 1364 3075; baseline 0.009 -19"><span class='ocrx_word' id='word_1_159' title='bbox 424 2998 579 3060; x_wconf 86' lang='lat' dir='ltr'><strong>nostrum</strong></span> <span class='ocrx_word' id='word_1_160' title='bbox 607 2991 801 3060; x_wconf 85' lang='lat' dir='ltr'><strong>Guidonem</strong></span> <span class='ocrx_word' id='word_1_161' title='bbox 826 2993 1025 3075; x_wconf 85' lang='lat' dir='ltr'><strong>episcopum</strong></span> <span class='ocrx_word' id='word_1_162' title='bbox 1047 2993 1175 3058; x_wconf 84' lang='lat' dir='ltr'><strong>Edweii</strong></span> <span class='ocrx_word' id='word_1_163' title='bbox 1203 2996 1364 3066; x_wconf 85' lang='lat' dir='ltr'><strong>seriosius</strong></span> 
     </span>
     <span class='ocr_line' id='line_1_27' title="bbox 423 3091 1365 3174; baseline 0.006 -17"><span class='ocrx_word' id='word_1_164' title='bbox 423 3091 684 3173; x_wconf 85' lang='lat' dir='ltr'><strong>scripseramus,</strong></span> <span class='ocrx_word' id='word_1_165' title='bbox 701 3092 799 3158; x_wconf 85' lang='lat' dir='ltr'><strong>nobis</strong></span> <span class='ocrx_word' id='word_1_166' title='bbox 821 3093 998 3174; x_wconf 86' lang='lat' dir='ltr'><strong>rescripsit</strong></span> <span class='ocrx_word' id='word_1_167' title='bbox 1016 3110 1054 3158; x_wconf 88' lang='lat' dir='ltr'><strong>se</strong></span> <span class='ocrx_word' id='word_1_168' title='bbox 1074 3092 1163 3158; x_wconf 80' lang='lat' dir='ltr'><strong>uelle</strong></span> <span class='ocrx_word' id='word_1_169' title='bbox 1182 3094 1365 3174; x_wconf 82' lang='lat' dir='ltr'><strong>praedictas</strong></span> 
     </span>
     <span class='ocr_line' id='line_1_28' title="bbox 424 3191 1366 3275; baseline 0.005 -23"><span class='ocrx_word' id='word_1_170' title='bbox 424 3195 566 3270; x_wconf 88' lang='lat' dir='ltr'><strong>treugas</strong></span> <span class='ocrx_word' id='word_1_171' title='bbox 580 3210 720 3257; x_wconf 82' lang='lat' dir='ltr'><strong>servare</strong></span> <span class='ocrx_word' id='word_1_172' title='bbox 734 3197 770 3256; x_wconf 85' lang='lat' dir='ltr'><strong>et</strong></span> <span class='ocrx_word' id='word_1_173' title='bbox 784 3197 951 3274; x_wconf 85' lang='lat' dir='ltr'><strong>quantum</strong></span> <span class='ocrx_word' id='word_1_174' title='bbox 967 3191 1003 3254; x_wconf 88' lang='lat' dir='ltr'><strong>in</strong></span> <span class='ocrx_word' id='word_1_175' title='bbox 1027 3209 1068 3256; x_wconf 90' lang='lat' dir='ltr'><strong>eo</strong></span> <span class='ocrx_word' id='word_1_176' title='bbox 1092 3199 1168 3254; x_wconf 83' lang='lat' dir='ltr'><strong>erat</strong></span> <span class='ocrx_word' id='word_1_177' title='bbox 1189 3191 1366 3275; x_wconf 87' lang='lat' dir='ltr'><strong>hueusque</strong></span> 
     </span>
     <span class='ocr_line' id='line_1_29' title="bbox 423 3287 1367 3369; baseline 0.001 -16"><span class='ocrx_word' id='word_1_178' title='bbox 423 3287 671 3357; x_wconf 85' lang='lat' dir='ltr'><strong>iuviolabiliter</strong></span> <span class='ocrx_word' id='word_1_179' title='bbox 716 3291 928 3364; x_wconf 80' lang='lat' dir='ltr'><strong>observasse,</strong></span> <span class='ocrx_word' id='word_1_180' title='bbox 976 3295 1012 3354; x_wconf 89' lang='lat' dir='ltr'><strong>et</strong></span> <span class='ocrx_word' id='word_1_181' title='bbox 1059 3290 1151 3369; x_wconf 92' lang='lat' dir='ltr'><strong>quod</strong></span> <span class='ocrx_word' id='word_1_182' title='bbox 1192 3291 1278 3355; x_wconf 85' lang='lat' dir='ltr'><strong>inibi</strong></span> <span class='ocrx_word' id='word_1_183' title='bbox 1328 3300 1367 3356; x_wconf 89' lang='lat' dir='ltr'><strong>tu</strong></span> 
     </span>
     <span class='ocr_line' id='line_1_30' title="bbox 424 3387 1366 3469; baseline 0.004 -20"><span class='ocrx_word' id='word_1_184' title='bbox 424 3387 569 3456; x_wconf 77' lang='lat' dir='ltr'><strong>nunmes</strong></span> <span class='ocrx_word' id='word_1_185' title='bbox 587 3395 667 3454; x_wconf 87' lang='lat' dir='ltr'><strong>tuos</strong></span> <span class='ocrx_word' id='word_1_186' title='bbox 688 3389 732 3452; x_wconf 89' lang='lat' dir='ltr'><strong>ad</strong></span> <span class='ocrx_word' id='word_1_187' title='bbox 748 3397 902 3453; x_wconf 87' lang='lat' dir='ltr'><strong>nostram</strong></span> <span class='ocrx_word' id='word_1_188' title='bbox 923 3389 1142 3469; x_wconf 86' lang='lat' dir='ltr'><strong>praesentiam</strong></span> <span class='ocrx_word' id='word_1_189' title='bbox 1163 3388 1366 3467; x_wconf 84' lang='lat' dir='ltr'><strong>destinares,</strong></span> 
     </span>
     <span class='ocr_line' id='line_1_31' title="bbox 423 3486 1367 3569; baseline 0.004 -21"><span class='ocrx_word' id='word_1_190' title='bbox 423 3486 498 3566; x_wconf 87' lang='lat' dir='ltr'><strong>ipse</strong></span> <span class='ocrx_word' id='word_1_191' title='bbox 522 3505 603 3552; x_wconf 88' lang='lat' dir='ltr'><strong>suos</strong></span> <span class='ocrx_word' id='word_1_192' title='bbox 626 3488 777 3554; x_wconf 85' lang='lat' dir='ltr'><strong>mitteret</strong></span> <span class='ocrx_word' id='word_1_193' title='bbox 799 3506 902 3567; x_wconf 89' lang='lat' dir='ltr'><strong>super</strong></span> <span class='ocrx_word' id='word_1_194' title='bbox 928 3487 993 3552; x_wconf 87' lang='lat' dir='ltr'><strong>biis</strong></span> <span class='ocrx_word' id='word_1_195' title='bbox 1022 3505 1100 3567; x_wconf 88' lang='lat' dir='ltr'><strong>quae</strong></span> <span class='ocrx_word' id='word_1_196' title='bbox 1120 3487 1367 3569; x_wconf 86' lang='lat' dir='ltr'><strong>scripseramus</strong></span> 
     </span>
     <span class='ocr_line' id='line_1_32' title="bbox 424 3582 1367 3668; baseline 0.004 -21"><span class='ocrx_word' id='word_1_197' title='bbox 424 3582 533 3650; x_wconf 87' lang='lat' dir='ltr'><strong>eidem</strong></span> <span class='ocrx_word' id='word_1_198' title='bbox 559 3584 693 3665; x_wconf 90' lang='lat' dir='ltr'><strong>plenius</strong></span> <span class='ocrx_word' id='word_1_199' title='bbox 717 3585 931 3651; x_wconf 82' lang='lat' dir='ltr'><strong>informatos.</strong></span> <span class='ocrx_word' id='word_1_200' title='bbox 985 3583 1157 3650; x_wconf 69' lang='lat' dir='ltr'><strong>Caeterum</strong></span> <span class='ocrx_word' id='word_1_201' title='bbox 1180 3605 1285 3668; x_wconf 90' lang='lat' dir='ltr'><strong>super</strong></span> <span class='ocrx_word' id='word_1_202' title='bbox 1307 3587 1367 3651; x_wconf 89' lang='lat' dir='ltr'><strong>illa</strong></span> 
     </span>
     <span class='ocr_line' id='line_1_33' title="bbox 423 3680 1367 3766; baseline 0.008 -24"><span class='ocrx_word' id='word_1_203' title='bbox 423 3680 679 3762; x_wconf 84' lang='lat' dir='ltr'><strong>dispensatione</strong></span> <span class='ocrx_word' id='word_1_204' title='bbox 705 3701 809 3766; x_wconf 89' lang='lat' dir='ltr'><strong>quam</strong></span> <span class='ocrx_word' id='word_1_205' title='bbox 833 3701 875 3748; x_wconf 88' lang='lat' dir='ltr'><strong>ne</strong></span> <span class='ocrx_word' id='word_1_206' title='bbox 899 3682 1102 3749; x_wconf 84' lang='lat' dir='ltr'><strong>desideratae</strong></span> <span class='ocrx_word' id='word_1_207' title='bbox 1128 3685 1224 3766; x_wconf 89' lang='lat' dir='ltr'><strong>pacis</strong></span> <span class='ocrx_word' id='word_1_208' title='bbox 1250 3688 1367 3750; x_wconf 88' lang='lat' dir='ltr'><strong>obsta·</strong></span> 
     </span>
     <span class='ocr_line' id='line_1_34' title="bbox 423 3779 1368 3863; baseline 0.008 -22"><span class='ocrx_word' id='word_1_209' title='bbox 423 3779 539 3847; x_wconf 85' lang='lat' dir='ltr'><strong>culum</strong></span> <span class='ocrx_word' id='word_1_210' title='bbox 576 3783 729 3863; x_wconf 79' lang='lat' dir='ltr'><strong>praebere</strong></span> <span class='ocrx_word' id='word_1_211' title='bbox 759 3781 887 3857; x_wconf 86' lang='lat' dir='ltr'><strong>valeat,</strong></span> <span class='ocrx_word' id='word_1_212' title='bbox 918 3787 954 3846; x_wconf 90' lang='lat' dir='ltr'><strong>et</strong></span> <span class='ocrx_word' id='word_1_213' title='bbox 992 3801 1037 3844; x_wconf 82' lang='lat' dir='ltr'><strong>ex</strong></span> <span class='ocrx_word' id='word_1_214' title='bbox 1078 3781 1156 3846; x_wconf 91' lang='lat' dir='ltr'><strong>aliis</strong></span> <span class='ocrx_word' id='word_1_215' title='bbox 1195 3785 1298 3848; x_wconf 87' lang='lat' dir='ltr'><strong>certis</strong></span> <span class='ocrx_word' id='word_1_216' title='bbox 1332 3793 1368 3849; x_wconf 81' lang='lat' dir='ltr'><strong>et</strong></span> 
     </span>
     <span class='ocr_line' id='line_1_35' title="bbox 425 3879 1366 3963; baseline 0.005 -22"><span class='ocrx_word' id='word_1_217' title='bbox 425 3879 685 3946; x_wconf 86' lang='lat' dir='ltr'><strong>rationabilibus</strong></span> <span class='ocrx_word' id='word_1_218' title='bbox 695 3881 821 3958; x_wconf 87' lang='lat' dir='ltr'><strong>causis,</strong></span> <span class='ocrx_word' id='word_1_219' title='bbox 830 3881 872 3946; x_wconf 89' lang='lat' dir='ltr'><strong>de</strong></span> <span class='ocrx_word' id='word_1_220' title='bbox 881 3881 1045 3963; x_wconf 87' lang='lat' dir='ltr'><strong>praesenti</strong></span> <span class='ocrx_word' id='word_1_221' title='bbox 1056 3899 1125 3944; x_wconf 89' lang='lat' dir='ltr'><strong>non</strong></span> <span class='ocrx_word' id='word_1_222' title='bbox 1137 3883 1366 3961; x_wconf 88' lang='lat' dir='ltr'><strong>concedimus,</strong></span> 
     </span>
     <span class='ocr_line' id='line_1_36' title="bbox 425 3978 1368 4062; baseline 0.002 -18"><span class='ocrx_word' id='word_1_223' title='bbox 425 3997 487 4044; x_wconf 87' lang='lat' dir='ltr'><strong>nos</strong></span> <span class='ocrx_word' id='word_1_224' title='bbox 517 3978 643 4044; x_wconf 88' lang='lat' dir='ltr'><strong>habeat</strong></span> <span class='ocrx_word' id='word_1_225' title='bbox 676 3981 803 4062; x_wconf 89' lang='lat' dir='ltr'><strong>regalis</strong></span> <span class='ocrx_word' id='word_1_226' title='bbox 835 3979 1040 4045; x_wconf 84' lang='lat' dir='ltr'><strong>excellentia</strong></span> <span class='ocrx_word' id='word_1_227' title='bbox 1076 3999 1272 4062; x_wconf 87' lang='lat' dir='ltr'><strong>quaesumus</strong></span> <span class='ocrx_word' id='word_1_228' title='bbox 1307 4003 1368 4046; x_wconf 79' lang='lat' dir='ltr'><strong>ex·</strong></span> 
     </span>
    </p>
   </div>
   <div class='ocr_carea' id='block_1_3' title="bbox 423 4077 1366 4239">
    <p class='ocr_par' dir='ltr' id='par_1_3' title="bbox 423 4077 1366 4239">
     <span class='ocr_line' id='line_1_37' title="bbox 423 4077 1366 4164; baseline 0.006 -26"><span class='ocrx_word' id='word_1_229' title='bbox 423 4084 574 4144; x_wconf 85' lang='lat' dir='ltr'><strong>casatos.</strong></span> <span class='ocrx_word' id='word_1_230' title='bbox 622 4079 751 4146; x_wconf 84' lang='lat' dir='ltr'><strong>Datum</strong></span> <span class='ocrx_word' id='word_1_231' title='bbox 780 4079 954 4144; x_wconf 85' lang='lat' dir='ltr'><strong>Avinione</strong></span> <span class='ocrx_word' id='word_1_232' title='bbox 974 4095 1013 4144; x_wconf 84' lang='lat' dir='ltr'><strong>x.</strong></span> <span class='ocrx_word' id='word_1_233' title='bbox 1036 4077 1205 4146; x_wconf 86' lang='lat' dir='ltr'><strong>kalendas</strong></span> <span class='ocrx_word' id='word_1_234' title='bbox 1221 4078 1366 4164; x_wconf 88' lang='lat' dir='ltr'><strong>Aprilis,</strong></span> 
     </span>
     <span class='ocr_line' id='line_1_38' title="bbox 423 4192 585 4239; baseline 0.012 -2"><span class='ocrx_word' id='word_1_235' title='bbox 423 4193 513 4239; x_wconf 90' lang='lat' dir='ltr'><strong>anno</strong></span> <span class='ocrx_word' id='word_1_236' title='bbox 530 4192 585 4239; x_wconf 87' lang='lat'>111.</span> 
     </span>
    </p>
   </div>
   <div class='ocr_carea' id='block_1_4' title="bbox 0 0 1576 4990">
    <p class='ocr_par' dir='ltr' id='par_1_4' title="bbox 0 0 1576 4990">
     <span class='ocr_line' id='line_1_39' title="bbox 0 0 1576 4990; baseline 0 0"><span class='ocrx_word' id='word_1_237' title='bbox 0 0 1576 4990; x_wconf 95' lang='lat' dir='ltr'><strong> </strong></span> 
     </span>
    </p>
   </div>
  </div>
 </body>
</html>
