3178 4992
455 451 626 500 wnnrmu
655 453 701 499 os
724 451 1007 501 nanmouunon.
1135 439 1200 504 113

245 610 413 676 finiretur.
472 609 626 674 Obtenta
643 610 763 694 itaquo
785 609 931 674 victoria
950 611 1049 691 regui
1070 610 1198 676 Scotiae
1225 631 1315 673 maan
1325 631 1344 675 1.

245 718 280 775 et
314 711 474 775 ordinato
506 730 625 791 reguo,
658 709 794 774 dimisit
824 730 887 774 rex
919 710 1127 787 Wallen'sos,
1162 681 1361 778 etQ

246 810 468 886 Hibernicos,
483 817 518 873 et
538 808 771 890 Anglicanum
797 811 1000 888 exercitum,
1019 818 1058 874 ut
1080 831 1196 875 rever·

245 917 401 974 terentur
425 909 469 973 ad
496 910 649 992 propria,
670 909 802 990 gratias
829 909 879 973 eis
901 929 1019 990 agens,
1047 918 1082 976 et
1108 910 1198 994 adji-

244 1012 338 1075 ciens
361 1028 523 1074 ooronam
539 1007 769 1090 Anglioanam
790 1009 839 1072 eis
862 1009 979 1074 in'hoo
996 1011 1090 1075 facto
1109 1011 1197 1074 mul-

244 1117 319 1174 tum
344 1111 453 1174 teneri
479 1116 515 1173 et
542 1115 709 1190 perpetuo
736 1108 893 1190 obligari.
947 1109 1029 1192 Ipso
1058 1130 1196 1193 quoque

244 1229 307 1274 rex
333 1209 376 1273 ad
401 1217 519 1292 partes
543 1208 713 1272 australes
740 1227 898 1273 reversus
922 1217 988 1286 ost,
1012 1229 1058 1274 ex
1082 1210 1196 1275 edicto

243 1317 380 1392 tempus
397 1317 554 1373 statuens
576 1307 802 1390 optimatibus
822 1309 894 1371 suis
915 1315 954 1371 ut
971 1310 1196 1374 convenirent

244 1409 288 1472 ad
320 1428 396 1472 eum
424 1409 460 1473 in
488 1407 640 1472 crastino
670 1406 876 1473 Animarum
909 1408 1002 1490 apud
1029 1408 1193 1473 Sanctum
1207 1429 1318 1480 satura„

244 1509 460 1573 Edmundum
473 1501 498 1588 3¹
526 1514 847 1592 processeruntque
868 1527 985 1588 rogem
1011 1511 1194 1591 magnates
1207 1481 1357 1522 mm

242 1608 382 1690 Scotiae,
397 1617 433 1674 ot
449 1609 557 1694 juxta
574 1613 742 1672 statutum
765 1609 858 1672 ultra
878 1606 1046 1672 Trentam
1068 1611 1193 1674 morati

242 1715 336 1772 sunt.

272 1931 384 1997 Litora
400 1932 501 2018 Papa
514 1953 608 2019 super
621 1931 781 1997 Libertate
794 1932 983 1997 uniuersalis
997 1933 1153 2000 Eooledae.

292 2107 424 2171 Eodem
448 2113 602 2190 tempore
626 2126 702 2170 cum
731 2106 886 2170 audisset
912 2105 1071 2171 dominus
1099 2127 1194 2190 papa

241 2225 310 2271 nou
343 2214 480 2273 tantum
514 2205 719 2288 Anglicanae
751 2205 812 2270 sod
844 2204 948 2270 etiam
986 2207 1194 2272 universalis

241 2307 395 2371 ecclesiae
420 2305 621 2371 afflictiones
643 2306 758 2370 varias
783 2312 817 2369 et
840 2306 1081 2388 oppressiones
1102 2308 1195 2371 mul-

241 2412 295 2470 tas
314 2407 416 2488 quasi
433 2426 494 2489 per
508 2407 624 2470 omnia
643 2406 763 2470 mundi
784 2424 903 2487 regna,
920 2425 961 2470 eo
979 2407 1070 2489 quod
1091 2426 1191 2490 reges

240 2512 276 2570 et
306 2506 479 2590 principes
510 2505 708 2588 affligebant
737 2525 826 2582 eam,
850 2505 1021 2588 cogitavit
1045 2506 1193 2572 sollicite

239 2626 427 2689 perquam
452 2612 569 2689 posset
595 2607 687 2670 viam
714 2605 855 2689 aliquod
880 2606 1067 2678 remedium
1095 2607 1193 2670 adhi-

239 2707 338 2787 bere3
366 2707 469 2784 unde,
492 2706 535 2769 do
561 2705 705 2770 consilio
729 2704 887 2782 fratrum,
911 2706 1192 2771 constitutionem

239 2806 470 2889 subscriptam
485 2824 547 2888 per
558 2805 738 2871 universas
748 2806 867 2870 mundi
879 2806 1077 2888 provincias
1095 2807 1191 2870 ‘bul-

239 2904 377 2969 latam’2
390 2907 497 2981 misit,
508 2905 686 2987 perpetuis
696 2905 907 2986 temporibus
918 2905 1187 2971 observandam:

290 3004 505 3079 Bonifacius,
522 2999 644 3067 ‘etc.'³
667 3003 712 3066 ad
732 3009 936 3086 perpetuam
961 3004 1012 3066 rei
1038 3009 1189 3068 ‘memo·
1202 3029 1352 3079 sunnrope

238 3101 374 3168 riam.’⁴
429 3101 575 3167 Cleriois
596 3102 705 3166 laicos
728 3103 873 3166 infestos
896 3102 1024 3185 oppido
1045 3103 1191 3170 tradidit
1202 3079 1311 3120 ''mm‘'

237 3203 442 3286 antiquitas,
454 3202 547 3284 quod
562 3210 598 3266 et
612 3202 833 3284 praesentium
849 3201 1086 3284 experimenta
1103 3209 1188 3266 tem-

238 3323 358 3386 porum
399 3302 581 3366 manifeste
618 3301 810 3378 declarant,
843 3301 927 3365 dum
958 3301 1031 3365 suis
1063 3302 1190 3368 finibus

239 3423 306 3467 non
337 3402 492 3468 contenti
519 3403 678 3466 nituntur
700 3402 735 3464 in
757 3402 915 3479 vetitum,
936 3408 971 3466 et
999 3402 1043 3466 ad
1067 3401 1190 3468 illicita

238 3521 302 3567 sua
335 3503 445 3568 fraena
474 3501 657 3580 relaxant3
690 3521 753 3565 nec
787 3501 974 3584 prudenter
1005 3503 1191 3567 attendunt

238 3604 410 3685 quomodo
432 3603 479 3666 sit
500 3602 602 3666 eisin
626 3600 770 3666 clericos
789 3601 1088 3667 ecclesiasticasve
1110 3622 1189 3685 per·

238 3721 343 3766 sonas
374 3709 409 3767 et
445 3704 537 3766 bona
566 3700 750 3766 interdicta
783 3709 959 3784 potestas:
1001 3702 1189 3783 quinimmo
1296 3692 1299 3697 ’

272 3879 279 3909 ¹
297 3882 352 3931 Tbe
368 3881 453 3944 king‘s
469 3894 596 3930 summons
614 3885 640 3928 to
656 3879 699 3928 the
759 3875 934 3940 ’‘buludm,'
946 3877 1004 3929 MS.
1016 3877 1082 3926 cott.
1095 3877 1152 3926 Tib.

234 3950 437 4012 Arehbiebopof
451 3949 646 4011 Canterburyto
663 3953 699 3997 ut·
759 3979 794 4012 ,4
836 3983 841 3994 .
925 3994 937 4028 Β

235 4023 293 4072 tend
307 4021 358 4071 this
374 4021 525 4082 parliameut
540 4020 563 4067 is
579 4018 657 4067 dated
667 4033 700 4067 on
724 4051 776 4102 Dei
787 3995 923 4074 ,epum
938 4015 947 4043 '

234 4093 277 4142 the
290 4091 351 4142 aoth
367 4091 396 4139 of
409 4091 514 4152 August
527 4093 554 4137 at
568 4087 701 4136 Berwiok·
778 4086 786 4114 ³

233 4160 417 4224 upon-Tweed.
429 4160 488 4209 Rot.
500 4158 588 4209 olaus.
600 4160 633 4206 24
649 4157 699 4207 Ed.
759 4153 769 4182 ⁴
786 4152 958 4212 ‘memoriam
973 4154 999 4199 et
1015 4149 1099 4213 infro,’
1110 4150 1187 4200 MSS.

235 4231 259 4284 1.
268 4247 302 4282 m.
315 4231 378 4294 7,(1.
725 4223 791 4273 0011.
803 4223 875 4272 Arm.
887 4221 937 4270 and
949 4220 1016 4270 Oott.
1024 4220 1082 4271 Tib.

286 4345 365 4393 VOL.
384 4343 423 4392 11.
1025 4337 1037 4382 l

958 3991 1047 4028 servus
1058 3993 1188 4028 servorum

805 4065 849 4100 are
861 4050 904 4099 tbe
913 4049 998 4098 words
1008 4047 1122 4098 omitted.
