<?xml version="1.0" encoding="UTF-8"?>
<!DOCTYPE html PUBLIC "-//W3C//DTD XHTML 1.0 Transitional//EN"
    "http://www.w3.org/TR/xhtml1/DTD/xhtml1-transitional.dtd">
<html xmlns="http://www.w3.org/1999/xhtml" xml:lang="en" lang="en">
 <head>
  <title>
</title>
<meta http-equiv="Content-Type" content="text/html;charset=utf-8" />
  <meta name='ocr-system' content='tesseract 3.04.00' />
  <meta name='ocr-capabilities' content='ocr_page ocr_carea ocr_par ocr_line ocrx_word'/>
</head>
<body>
  <div class='ocr_page' id='page_1' title='image "./chronicondomini00hamigoog_0189.png"; bbox 0 0 3166 4992; ppageno 0'>
   <div class='ocr_carea' id='block_1_1' title="bbox 431 451 1176 520">
    <p class='ocr_par' dir='ltr' id='par_1_1' title="bbox 431 451 1176 520">
     <span class='ocr_line' id='line_1_1' title="bbox 431 451 1176 520; baseline 0.005 -10"><span class='ocrx_word' id='word_1_1' title='bbox 431 461 602 510; x_wconf 77' lang='grc'><strong>01111001</strong></span> <span class='ocrx_word' id='word_1_2' title='bbox 627 462 673 510; x_wconf 84' lang='lat' dir='ltr'><strong>nn</strong></span> <span class='ocrx_word' id='word_1_3' title='bbox 696 461 980 513; x_wconf 79' lang='lat' dir='ltr'><strong>unutuenuacu.</strong></span> <span class='ocrx_word' id='word_1_4' title='bbox 1111 451 1176 520; x_wconf 78' lang='lat'><strong>176</strong></span> 
     </span>
    </p>
   </div>
   <div class='ocr_carea' id='block_1_2' title="bbox 227 615 1321 730">
    <p class='ocr_par' dir='ltr' id='par_1_2' title="bbox 227 615 1321 730">
     <span class='ocr_line' id='line_1_2' title="bbox 227 615 1321 730; baseline 0.006 -50"><span class='ocrx_word' id='word_1_5' title='bbox 227 615 365 680; x_wconf 88' lang='lat' dir='ltr'><strong>sideret.</strong></span> <span class='ocrx_word' id='word_1_6' title='bbox 411 615 480 694; x_wconf 84' lang='lat' dir='ltr'><strong>Qui</strong></span> <span class='ocrx_word' id='word_1_7' title='bbox 506 636 586 681; x_wconf 89' lang='lat' dir='ltr'><strong>cum</strong></span> <span class='ocrx_word' id='word_1_8' title='bbox 607 617 775 682; x_wconf 87' lang='lat' dir='ltr'><strong>insultum</strong></span> <span class='ocrx_word' id='word_1_9' title='bbox 792 619 932 684; x_wconf 81' lang='lat' dir='ltr'><strong>fecisset</strong></span> <span class='ocrx_word' id='word_1_10' title='bbox 954 621 998 684; x_wconf 91' lang='lat' dir='ltr'><strong>ad</strong></span> <span class='ocrx_word' id='word_1_11' title='bbox 1021 630 1174 687; x_wconf 82' lang='lat' dir='ltr'><strong>castrum</strong></span> <span class='ocrx_word' id='word_1_12' title='bbox 1200 639 1321 730; x_wconf 53' lang='lat' dir='ltr'><strong>{effi</strong></span> 
     </span>
    </p>
   </div>
   <div class='ocr_carea' id='block_1_3' title="bbox 224 715 1338 4054">
    <p class='ocr_par' dir='ltr' id='par_1_3' title="bbox 224 715 1338 4054">
     <span class='ocr_line' id='line_1_3' title="bbox 228 715 1338 814; baseline 0.006 -36"><span class='ocrx_word' id='word_1_13' title='bbox 228 715 270 778; x_wconf 91' lang='lat' dir='ltr'><strong>de</strong></span> <span class='ocrx_word' id='word_1_14' title='bbox 292 715 431 780; x_wconf 90' lang='lat' dir='ltr'><strong>Drilton</strong></span> <span class='ocrx_word' id='word_1_15' title='bbox 450 736 513 798; x_wconf 88' lang='lat' dir='ltr'><strong>per</strong></span> <span class='ocrx_word' id='word_1_16' title='bbox 536 717 609 782; x_wconf 91' lang='lat' dir='ltr'><strong>dies</strong></span> <span class='ocrx_word' id='word_1_17' title='bbox 632 717 769 804; x_wconf 88' lang='lat' dir='ltr'><strong>aliquos</strong></span> <span class='ocrx_word' id='word_1_18' title='bbox 793 719 1000 784; x_wconf 82' lang='lat' dir='ltr'>resisterunt</span> <span class='ocrx_word' id='word_1_19' title='bbox 1026 721 1338 814; x_wconf 48' lang='grc' dir='ltr'><strong>101111013ῖηῃω</strong></span> 
     </span>
     <span class='ocr_line' id='line_1_4' title="bbox 228 815 1293 899; baseline 0.007 -21"><span class='ocrx_word' id='word_1_20' title='bbox 228 821 263 878; x_wconf 88' lang='grc'><strong>01</strong></span> <span class='ocrx_word' id='word_1_21' title='bbox 280 835 325 878; x_wconf 86' lang='lat' dir='ltr'><strong>ex</strong></span> <span class='ocrx_word' id='word_1_22' title='bbox 341 815 573 879; x_wconf 84' lang='lat' dir='ltr'><strong>insilientibus</strong></span> <span class='ocrx_word' id='word_1_23' title='bbox 587 835 718 897; x_wconf 90' lang='lat' dir='ltr'><strong>paucos</strong></span> <span class='ocrx_word' id='word_1_24' title='bbox 737 828 967 899; x_wconf 88' lang='lat' dir='ltr'><strong>peremerunt,</strong></span> <span class='ocrx_word' id='word_1_25' title='bbox 985 820 1173 885; x_wconf 88' lang='lat' dir='ltr'><strong>deficienti·</strong></span> <span class='ocrx_word' id='word_1_26' title='bbox 1186 823 1293 864; x_wconf 56' lang='grc' dir='ltr'><strong>ΒΜ·</strong></span> 
     </span>
     <span class='ocr_line' id='line_1_5' title="bbox 228 913 1174 1001; baseline 0.01 -25"><span class='ocrx_word' id='word_1_27' title='bbox 228 913 361 996; x_wconf 88' lang='lat' dir='ltr'><strong>busque</strong></span> <span class='ocrx_word' id='word_1_28' title='bbox 383 914 508 994; x_wconf 81' lang='lat' dir='ltr'><strong>ligneis</strong></span> <span class='ocrx_word' id='word_1_29' title='bbox 531 915 698 980; x_wconf 89' lang='lat' dir='ltr'><strong>machinis</strong></span> <span class='ocrx_word' id='word_1_30' title='bbox 723 923 759 982; x_wconf 90' lang='lat' dir='ltr'><strong>et</strong></span> <span class='ocrx_word' id='word_1_31' title='bbox 784 916 993 985; x_wconf 74' lang='lat' dir='ltr'><strong>victualibus</strong></span> <span class='ocrx_word' id='word_1_32' title='bbox 1017 938 1058 984; x_wconf 89' lang='lat' dir='ltr'><strong>eo</strong></span> <span class='ocrx_word' id='word_1_33' title='bbox 1082 921 1174 1001; x_wconf 90' lang='lat' dir='ltr'><strong>quod</strong></span> 
     </span>
     <span class='ocr_line' id='line_1_6' title="bbox 228 1013 1175 1100; baseline 0.008 -24"><span class='ocrx_word' id='word_1_34' title='bbox 228 1032 298 1076; x_wconf 91' lang='lat' dir='ltr'><strong>non</strong></span> <span class='ocrx_word' id='word_1_35' title='bbox 327 1013 502 1080; x_wconf 87' lang='lat' dir='ltr'><strong>habebant</strong></span> <span class='ocrx_word' id='word_1_36' title='bbox 527 1015 619 1095; x_wconf 90' lang='lat' dir='ltr'><strong>quod</strong></span> <span class='ocrx_word' id='word_1_37' title='bbox 651 1015 905 1085; x_wconf 87' lang='lat' dir='ltr'><strong>commederent</strong></span> <span class='ocrx_word' id='word_1_38' title='bbox 929 1018 995 1084; x_wconf 92' lang='lat' dir='ltr'><strong>nisi</strong></span> <span class='ocrx_word' id='word_1_39' title='bbox 1016 1019 1111 1100; x_wconf 87' lang='lat' dir='ltr'><strong>pisas</strong></span> <span class='ocrx_word' id='word_1_40' title='bbox 1140 1027 1175 1084; x_wconf 91' lang='lat' dir='ltr'><strong>et</strong></span> 
     </span>
     <span class='ocr_line' id='line_1_7' title="bbox 229 1110 1174 1200; baseline 0.006 -25"><span class='ocrx_word' id='word_1_41' title='bbox 229 1110 328 1176; x_wconf 85' lang='lat' dir='ltr'><strong>fabas</strong></span> <span class='ocrx_word' id='word_1_42' title='bbox 358 1130 447 1193; x_wconf 86' lang='lat' dir='ltr'><strong>quas</strong></span> <span class='ocrx_word' id='word_1_43' title='bbox 481 1113 707 1180; x_wconf 78' lang='lat' dir='ltr'><strong>excutiebant</strong></span> <span class='ocrx_word' id='word_1_44' title='bbox 736 1113 773 1180; x_wconf 92' lang='lat' dir='ltr'><strong>in</strong></span> <span class='ocrx_word' id='word_1_45' title='bbox 801 1116 943 1197; x_wconf 85' lang='lat' dir='ltr'><strong>campis,</strong></span> <span class='ocrx_word' id='word_1_46' title='bbox 974 1117 1068 1184; x_wconf 87' lang='lat' dir='ltr'><strong>misit.</strong></span> <span class='ocrx_word' id='word_1_47' title='bbox 1100 1119 1174 1200; x_wconf 90' lang='lat' dir='ltr'><strong>epi-</strong></span> 
     </span>
     <span class='ocr_line' id='line_1_8' title="bbox 228 1211 1211 1302; baseline 0.01 -30"><span class='ocrx_word' id='word_1_48' title='bbox 228 1229 354 1292; x_wconf 91' lang='lat' dir='ltr'><strong>scopus</strong></span> <span class='ocrx_word' id='word_1_49' title='bbox 377 1211 521 1276; x_wconf 84' lang='lat' dir='ltr'><strong>nuncios</strong></span> <span class='ocrx_word' id='word_1_50' title='bbox 547 1211 591 1277; x_wconf 86' lang='lat' dir='ltr'><strong>ad</strong></span> <span class='ocrx_word' id='word_1_51' title='bbox 618 1231 744 1292; x_wconf 85' lang='lat' dir='ltr'><strong>regem,</strong></span> <span class='ocrx_word' id='word_1_52' title='bbox 771 1214 832 1294; x_wconf 91' lang='lat' dir='ltr'><strong>qui</strong></span> <span class='ocrx_word' id='word_1_53' title='bbox 855 1214 1071 1282; x_wconf 85' lang='lat' dir='ltr'><strong>voluntatem</strong></span> <span class='ocrx_word' id='word_1_54' title='bbox 1097 1217 1174 1301; x_wconf 89' lang='lat' dir='ltr'><strong>ejus</strong></span> <span class='ocrx_word' id='word_1_55' title='bbox 1208 1295 1211 1302; x_wconf 25' lang='grc' dir='ltr'>Ι</span> 
     </span>
     <span class='ocr_line' id='line_1_9' title="bbox 229 1309 1173 1390; baseline 0.013 -18"><span class='ocrx_word' id='word_1_56' title='bbox 229 1315 441 1390; x_wconf 82' lang='lat' dir='ltr'><strong>expeterent.</strong></span> <span class='ocrx_word' id='word_1_57' title='bbox 492 1309 540 1374; x_wconf 87' lang='lat' dir='ltr'><strong>Et</strong></span> <span class='ocrx_word' id='word_1_58' title='bbox 568 1317 644 1374; x_wconf 84' lang='lat' dir='ltr'><strong>erat</strong></span> <span class='ocrx_word' id='word_1_59' title='bbox 672 1311 798 1378; x_wconf 88' lang='lat' dir='ltr'><strong>missus</strong></span> <span class='ocrx_word' id='word_1_60' title='bbox 827 1312 885 1376; x_wconf 95' lang='lat' dir='ltr'><strong>ille</strong></span> <span class='ocrx_word' id='word_1_61' title='bbox 914 1315 1173 1384; x_wconf 81' lang='lat' dir='ltr'><strong>strenuissimus</strong></span> 
     </span>
     <span class='ocr_line' id='line_1_10' title="bbox 229 1407 1173 1489; baseline 0.004 -15"><span class='ocrx_word' id='word_1_62' title='bbox 229 1407 328 1474; x_wconf 85' lang='lat' dir='ltr'><strong>miles</strong></span> <span class='ocrx_word' id='word_1_63' title='bbox 367 1407 549 1473; x_wconf 86' lang='lat' dir='ltr'><strong>Jobannes</strong></span> <span class='ocrx_word' id='word_1_64' title='bbox 588 1408 807 1475; x_wconf 85' lang='lat' dir='ltr'><strong>Marmeduk.</strong></span> <span class='ocrx_word' id='word_1_65' title='bbox 870 1410 936 1476; x_wconf 86' lang='lat' dir='ltr'><strong>Cui</strong></span> <span class='ocrx_word' id='word_1_66' title='bbox 967 1413 1058 1481; x_wconf 83' lang='lat' dir='ltr'><strong>dixit</strong></span> <span class='ocrx_word' id='word_1_67' title='bbox 1097 1433 1173 1489; x_wconf 85' lang='lat' dir='ltr'><strong>rex,</strong></span> 
     </span>
     <span class='ocr_line' id='line_1_11' title="bbox 230 1506 1173 1596; baseline 0.006 -25"><span class='ocrx_word' id='word_1_68' title='bbox 230 1506 487 1584; x_wconf 86' lang='lat' dir='ltr'><strong>“Revertere,”</strong></span> <span class='ocrx_word' id='word_1_69' title='bbox 522 1507 646 1588; x_wconf 85' lang='lat' dir='ltr'><strong>inquit,</strong></span> <span class='ocrx_word' id='word_1_70' title='bbox 681 1513 748 1573; x_wconf 89' lang='lat' dir='ltr'><strong>“et</strong></span> <span class='ocrx_word' id='word_1_71' title='bbox 787 1509 842 1574; x_wconf 91' lang='lat' dir='ltr'><strong>dic</strong></span> <span class='ocrx_word' id='word_1_72' title='bbox 879 1512 1043 1594; x_wconf 86' lang='lat' dir='ltr'><strong>episcopo</strong></span> <span class='ocrx_word' id='word_1_73' title='bbox 1079 1512 1173 1596; x_wconf 90' lang='lat' dir='ltr'><strong>quod</strong></span> 
     </span>
     <span class='ocr_line' id='line_1_12' title="bbox 229 1605 1173 1692; baseline 0.011 -26"><span class='ocrx_word' id='word_1_74' title='bbox 229 1605 330 1671; x_wconf 91' lang='lat' dir='ltr'><strong>bomo</strong></span> <span class='ocrx_word' id='word_1_75' title='bbox 361 1607 501 1688; x_wconf 88' lang='lat' dir='ltr'><strong>pietatis</strong></span> <span class='ocrx_word' id='word_1_76' title='bbox 531 1613 585 1672; x_wconf 92' lang='lat' dir='ltr'><strong>est</strong></span> <span class='ocrx_word' id='word_1_77' title='bbox 614 1606 650 1671; x_wconf 92' lang='lat' dir='ltr'><strong>in</strong></span> <span class='ocrx_word' id='word_1_78' title='bbox 679 1613 848 1687; x_wconf 88' lang='lat' dir='ltr'><strong>quantum</strong></span> <span class='ocrx_word' id='word_1_79' title='bbox 878 1610 1073 1692; x_wconf 86' lang='lat' dir='ltr'><strong>episcopus,</strong></span> <span class='ocrx_word' id='word_1_80' title='bbox 1102 1631 1173 1677; x_wconf 90' lang='lat' dir='ltr'><strong>non</strong></span> 
     </span>
     <span class='ocr_line' id='line_1_13' title="bbox 230 1702 1173 1790; baseline 0.005 -23"><span class='ocrx_word' id='word_1_81' title='bbox 230 1710 347 1772; x_wconf 86' lang='lat' dir='ltr'><strong>tamen</strong></span> <span class='ocrx_word' id='word_1_82' title='bbox 362 1711 500 1786; x_wconf 88' lang='lat' dir='ltr'><strong>oportet</strong></span> <span class='ocrx_word' id='word_1_83' title='bbox 512 1705 548 1771; x_wconf 90' lang='lat' dir='ltr'><strong>in</strong></span> <span class='ocrx_word' id='word_1_84' title='bbox 561 1705 627 1774; x_wconf 81' lang='lat' dir='ltr'><strong>hoc</strong></span> <span class='ocrx_word' id='word_1_85' title='bbox 638 1704 732 1771; x_wconf 84' lang='lat' dir='ltr'><strong>facto</strong></span> <span class='ocrx_word' id='word_1_86' title='bbox 745 1711 754 1740; x_wconf 90' lang='lat'>‘</span> <span class='ocrx_word' id='word_1_87' title='bbox 765 1702 902 1787; x_wconf 82' lang='lat' dir='ltr'><strong>opera&#39;¹</strong></span> <span class='ocrx_word' id='word_1_88' title='bbox 917 1709 1057 1790; x_wconf 87' lang='lat' dir='ltr'><strong>pietatis</strong></span> <span class='ocrx_word' id='word_1_89' title='bbox 1071 1728 1173 1776; x_wconf 85' lang='lat' dir='ltr'><strong>exer-</strong></span> 
     </span>
     <span class='ocr_line' id='line_1_14' title="bbox 229 1803 1174 1886; baseline 0.004 -17"><span class='ocrx_word' id='word_1_90' title='bbox 229 1803 340 1870; x_wconf 86' lang='grc'><strong>0010.”</strong></span> <span class='ocrx_word' id='word_1_91' title='bbox 385 1803 432 1868; x_wconf 91' lang='grc' dir='ltr'><strong>Ε1</strong></span> <span class='ocrx_word' id='word_1_92' title='bbox 461 1803 677 1886; x_wconf 79' lang='lat' dir='ltr'><strong>applaudens</strong></span> <span class='ocrx_word' id='word_1_93' title='bbox 709 1804 810 1872; x_wconf 86' lang='lat' dir='ltr'><strong>militi</strong></span> <span class='ocrx_word' id='word_1_94' title='bbox 839 1805 900 1881; x_wconf 84' lang='lat' dir='ltr'><strong>ait,</strong></span> <span class='ocrx_word' id='word_1_95' title='bbox 932 1807 1024 1876; x_wconf 85' lang='lat' dir='ltr'><strong>“Tu</strong></span> <span class='ocrx_word' id='word_1_96' title='bbox 1057 1816 1174 1872; x_wconf 87' lang='lat' dir='ltr'><strong>autem</strong></span> 
     </span>
     <span class='ocr_line' id='line_1_15' title="bbox 231 1901 1175 1983; baseline 0.003 -16"><span class='ocrx_word' id='word_1_97' title='bbox 231 1901 333 1967; x_wconf 90' lang='lat' dir='ltr'><strong>homo</strong></span> <span class='ocrx_word' id='word_1_98' title='bbox 352 1902 502 1970; x_wconf 86' lang='lat' dir='ltr'><strong>crudelis</strong></span> <span class='ocrx_word' id='word_1_99' title='bbox 528 1921 575 1979; x_wconf 83' lang='grc'><strong>00,</strong></span> <span class='ocrx_word' id='word_1_100' title='bbox 603 1909 639 1966; x_wconf 88' lang='grc'><strong>01</strong></span> <span class='ocrx_word' id='word_1_101' title='bbox 661 1903 861 1983; x_wconf 80' lang='lat' dir='ltr'><strong>praenimia</strong></span> <span class='ocrx_word' id='word_1_102' title='bbox 883 1906 1086 1971; x_wconf 87' lang='lat' dir='ltr'><strong>crudelitate</strong></span> <span class='ocrx_word' id='word_1_103' title='bbox 1113 1915 1175 1970; x_wconf 89' lang='lat' dir='ltr'><strong>tua</strong></span> 
     </span>
     <span class='ocr_line' id='line_1_16' title="bbox 229 2000 1174 2084; baseline -0.001 -15"><span class='ocrx_word' id='word_1_104' title='bbox 229 2002 438 2084; x_wconf 80' lang='lat' dir='ltr'><strong>aliquotiens</strong></span> <span class='ocrx_word' id='word_1_105' title='bbox 481 2000 644 2082; x_wconf 78' lang='lat' dir='ltr'><strong>redargui</strong></span> <span class='ocrx_word' id='word_1_106' title='bbox 681 2007 727 2078; x_wconf 89' lang='lat' dir='ltr'><strong>te,</strong></span> <span class='ocrx_word' id='word_1_107' title='bbox 767 2021 809 2072; x_wconf 90' lang='lat' dir='ltr'><strong>eo</strong></span> <span class='ocrx_word' id='word_1_108' title='bbox 849 2003 941 2084; x_wconf 90' lang='lat' dir='ltr'><strong>quod</strong></span> <span class='ocrx_word' id='word_1_109' title='bbox 982 2005 1174 2074; x_wconf 78' lang='lat' dir='ltr'><strong>exultando</strong></span> 
     </span>
     <span class='ocr_line' id='line_1_17' title="bbox 228 2099 1174 2181; baseline 0.006 -18"><span class='ocrx_word' id='word_1_110' title='bbox 228 2101 361 2181; x_wconf 78' lang='lat' dir='ltr'><strong>gaudes</strong></span> <span class='ocrx_word' id='word_1_111' title='bbox 396 2102 433 2170; x_wconf 89' lang='lat' dir='ltr'><strong>in</strong></span> <span class='ocrx_word' id='word_1_112' title='bbox 472 2108 617 2172; x_wconf 80' lang='lat' dir='ltr'><strong>mortem</strong></span> <span class='ocrx_word' id='word_1_113' title='bbox 655 2099 871 2168; x_wconf 87' lang='lat' dir='ltr'><strong>inimicorum</strong></span> <span class='ocrx_word' id='word_1_114' title='bbox 909 2109 1059 2169; x_wconf 87' lang='lat' dir='ltr'><strong>tuorum.</strong></span> <span class='ocrx_word' id='word_1_115' title='bbox 1106 2102 1174 2169; x_wconf 86' lang='lat' dir='ltr'><strong>Sed</strong></span> 
     </span>
     <span class='ocr_line' id='line_1_18' title="bbox 229 2199 1174 2282; baseline 0.006 -20"><span class='ocrx_word' id='word_1_116' title='bbox 229 2219 320 2265; x_wconf 92' lang='lat' dir='ltr'><strong>nunc</strong></span> <span class='ocrx_word' id='word_1_117' title='bbox 358 2200 495 2282; x_wconf 88' lang='lat' dir='ltr'><strong>quidem</strong></span> <span class='ocrx_word' id='word_1_118' title='bbox 529 2199 628 2275; x_wconf 86' lang='lat' dir='ltr'><strong>vade,</strong></span> <span class='ocrx_word' id='word_1_119' title='bbox 665 2207 701 2262; x_wconf 89' lang='lat' dir='ltr'><strong>et</strong></span> <span class='ocrx_word' id='word_1_120' title='bbox 732 2219 868 2267; x_wconf 89' lang='lat' dir='ltr'><strong>omnem</strong></span> <span class='ocrx_word' id='word_1_121' title='bbox 910 2207 1007 2267; x_wconf 87' lang='lat' dir='ltr'><strong>tuam</strong></span> <span class='ocrx_word' id='word_1_122' title='bbox 1049 2221 1174 2268; x_wconf 85' lang='lat' dir='ltr'><strong>exerce</strong></span> 
     </span>
     <span class='ocr_line' id='line_1_19' title="bbox 229 2297 1174 2380; baseline 0.005 -16"><span class='ocrx_word' id='word_1_123' title='bbox 229 2300 455 2380; x_wconf 87' lang='lat' dir='ltr'><strong>tyrannidem,</strong></span> <span class='ocrx_word' id='word_1_124' title='bbox 474 2318 537 2365; x_wconf 91' lang='lat' dir='ltr'><strong>nec</strong></span> <span class='ocrx_word' id='word_1_125' title='bbox 559 2297 698 2380; x_wconf 89' lang='lat' dir='ltr'><strong>quidem</strong></span> <span class='ocrx_word' id='word_1_126' title='bbox 718 2299 1003 2380; x_wconf 85' lang='lat' dir='ltr'><strong>vituperabo&#39;sed</strong></span> <span class='ocrx_word' id='word_1_127' title='bbox 1023 2299 1174 2372; x_wconf 85' lang='lat' dir='ltr'><strong>laudabo</strong></span> 
     </span>
     <span class='ocr_line' id='line_1_20' title="bbox 230 2397 1174 2483; baseline 0.003 -22"><span class='ocrx_word' id='word_1_128' title='bbox 230 2403 275 2461; x_wconf 90' lang='lat' dir='ltr'><strong>te.</strong></span> <span class='ocrx_word' id='word_1_129' title='bbox 327 2399 375 2462; x_wconf 87' lang='lat' dir='ltr'><strong>Et</strong></span> <span class='ocrx_word' id='word_1_130' title='bbox 399 2417 484 2465; x_wconf 88' lang='lat' dir='ltr'><strong>cave</strong></span> <span class='ocrx_word' id='word_1_131' title='bbox 509 2417 554 2463; x_wconf 89' lang='lat' dir='ltr'><strong>ne</strong></span> <span class='ocrx_word' id='word_1_132' title='bbox 574 2397 698 2466; x_wconf 85' lang='lat' dir='ltr'><strong>faciem</strong></span> <span class='ocrx_word' id='word_1_133' title='bbox 723 2417 835 2474; x_wconf 80' lang='lat' dir='ltr'><strong>meam</strong></span> <span class='ocrx_word' id='word_1_134' title='bbox 854 2398 972 2467; x_wconf 83' lang='lat' dir='ltr'><strong>videas</strong></span> <span class='ocrx_word' id='word_1_135' title='bbox 993 2419 1174 2483; x_wconf 85' lang='lat' dir='ltr'><strong>quousque</strong></span> 
     </span>
     <span class='ocr_line' id='line_1_21' title="bbox 229 2495 1175 2580; baseline 0.004 -22"><span class='ocrx_word' id='word_1_136' title='bbox 229 2495 459 2568; x_wconf 85' lang='lat' dir='ltr'><strong>incendantur</strong></span> <span class='ocrx_word' id='word_1_137' title='bbox 474 2497 534 2563; x_wconf 89' lang='lat' dir='ltr'><strong>illa</strong></span> <span class='ocrx_word' id='word_1_138' title='bbox 547 2496 615 2564; x_wconf 86' lang='lat' dir='ltr'><strong>tria</strong></span> <span class='ocrx_word' id='word_1_139' title='bbox 630 2496 779 2568; x_wconf 62' lang='lat' dir='ltr'><strong>„castra”</strong></span> <span class='ocrx_word' id='word_1_140' title='bbox 831 2496 898 2566; x_wconf 85' lang='lat' dir='ltr'><strong>Cui</strong></span> <span class='ocrx_word' id='word_1_141' title='bbox 914 2497 985 2573; x_wconf 90' lang='lat' dir='ltr'><strong>ille,</strong></span> <span class='ocrx_word' id='word_1_142' title='bbox 999 2504 1019 2534; x_wconf 78' lang='lat'><strong>‘⁶</strong></span> <span class='ocrx_word' id='word_1_143' title='bbox 1031 2499 1175 2580; x_wconf 73' lang='grc'><strong>111000-</strong></span> 
     </span>
     <span class='ocr_line' id='line_1_22' title="bbox 229 2595 1173 2673; baseline 0.006 -14"><span class='ocrx_word' id='word_1_144' title='bbox 229 2597 331 2659; x_wconf 89' lang='lat' dir='ltr'><strong>modo</strong></span> <span class='ocrx_word' id='word_1_145' title='bbox 351 2597 416 2666; x_wconf 82' lang='lat' dir='ltr'><strong>boo</strong></span> <span class='ocrx_word' id='word_1_146' title='bbox 437 2596 572 2672; x_wconf 83' lang='lat' dir='ltr'><strong>faciam,</strong></span> <span class='ocrx_word' id='word_1_147' title='bbox 596 2595 733 2662; x_wconf 89' lang='lat' dir='ltr'><strong>domine</strong></span> <span class='ocrx_word' id='word_1_148' title='bbox 752 2595 800 2658; x_wconf 91' lang='lat' dir='ltr'><strong>mi</strong></span> <span class='ocrx_word' id='word_1_149' title='bbox 822 2615 895 2673; x_wconf 86' lang='lat' dir='ltr'><strong>rex,</strong></span> <span class='ocrx_word' id='word_1_150' title='bbox 920 2617 998 2664; x_wconf 90' lang='lat' dir='ltr'><strong>oum</strong></span> <span class='ocrx_word' id='word_1_151' title='bbox 1022 2596 1069 2661; x_wconf 91' lang='lat' dir='ltr'><strong>sit</strong></span> <span class='ocrx_word' id='word_1_152' title='bbox 1090 2598 1173 2665; x_wconf 92' lang='lat' dir='ltr'><strong>mibi</strong></span> 
     </span>
     <span class='ocr_line' id='line_1_23' title="bbox 229 2693 1173 2773; baseline -0.001 -12"><span class='ocrx_word' id='word_1_153' title='bbox 229 2694 330 2763; x_wconf 79' lang='lat' dir='ltr'><strong>uelde</strong></span> <span class='ocrx_word' id='word_1_154' title='bbox 351 2695 487 2766; x_wconf 87' lang='lat' dir='ltr'><strong>difficile</strong></span> <span class='ocrx_word' id='word_1_155' title='bbox 498 2695 536 2760; x_wconf 84' lang='lat' dir='ltr'><strong>l’&#39;</strong></span> <span class='ocrx_word' id='word_1_156' title='bbox 589 2694 636 2758; x_wconf 88' lang='lat' dir='ltr'><strong>Et</strong></span> <span class='ocrx_word' id='word_1_157' title='bbox 663 2713 726 2758; x_wconf 80' lang='lat' dir='ltr'><strong>rex</strong></span> <span class='ocrx_word' id='word_1_158' title='bbox 752 2693 796 2761; x_wconf 86' lang='lat' dir='ltr'><strong>ad</strong></span> <span class='ocrx_word' id='word_1_159' title='bbox 822 2714 912 2770; x_wconf 85' lang='lat' dir='ltr'><strong>eum,</strong></span> <span class='ocrx_word' id='word_1_160' title='bbox 930 2695 1098 2773; x_wconf 74' lang='lat' dir='ltr'><strong>“Vada&#39;&#39;</strong></span> <span class='ocrx_word' id='word_1_161' title='bbox 1120 2697 1173 2764; x_wconf 87' lang='lat' dir='ltr'><strong>in·</strong></span> 
     </span>
     <span class='ocr_line' id='line_1_24' title="bbox 229 2792 1173 2876; baseline 0.003 -18"><span class='ocrx_word' id='word_1_162' title='bbox 229 2793 315 2876; x_wconf 89' lang='lat' dir='ltr'><strong>quit,</strong></span> <span class='ocrx_word' id='word_1_163' title='bbox 333 2795 449 2876; x_wconf 86' lang='lat' dir='ltr'><strong>“quia</strong></span> <span class='ocrx_word' id='word_1_164' title='bbox 472 2794 601 2861; x_wconf 84' lang='lat' dir='ltr'><strong>faciens</strong></span> <span class='ocrx_word' id='word_1_165' title='bbox 631 2792 750 2866; x_wconf 84' lang='lat' dir='ltr'><strong>facies,</strong></span> <span class='ocrx_word' id='word_1_166' title='bbox 777 2799 813 2855; x_wconf 88' lang='lat' dir='ltr'><strong>et</strong></span> <span class='ocrx_word' id='word_1_167' title='bbox 835 2793 937 2859; x_wconf 88' lang='lat' dir='ltr'><strong>fldem</strong></span> <span class='ocrx_word' id='word_1_168' title='bbox 966 2795 1050 2866; x_wconf 87' lang='lat' dir='ltr'><strong>mibi</strong></span> <span class='ocrx_word' id='word_1_169' title='bbox 1072 2795 1173 2863; x_wconf 90' lang='lat' dir='ltr'><strong>dabis</strong></span> 
     </span>
     <span class='ocr_line' id='line_1_25' title="bbox 229 2891 1172 2972; baseline 0.001 -17"><span class='ocrx_word' id='word_1_170' title='bbox 229 2893 320 2972; x_wconf 91' lang='lat' dir='ltr'><strong>quod</strong></span> <span class='ocrx_word' id='word_1_171' title='bbox 339 2894 404 2964; x_wconf 85' lang='lat' dir='ltr'><strong>boc</strong></span> <span class='ocrx_word' id='word_1_172' title='bbox 419 2891 559 2962; x_wconf 82' lang='lat' dir='ltr'><strong>facies.’&#39;</strong></span> <span class='ocrx_word' id='word_1_173' title='bbox 598 2891 761 2972; x_wconf 86' lang='lat' dir='ltr'><strong>Dataque</strong></span> <span class='ocrx_word' id='word_1_174' title='bbox 775 2891 1025 2968; x_wconf 83' lang='lat' dir='ltr'><strong>benedictione,</strong></span> <span class='ocrx_word' id='word_1_175' title='bbox 1039 2891 1172 2966; x_wconf 81' lang='lat' dir='ltr'><strong>dimisit</strong></span> 
     </span>
     <span class='ocr_line' id='line_1_26' title="bbox 229 2988 1173 3073; baseline -0.001 -17"><span class='ocrx_word' id='word_1_176' title='bbox 229 3009 320 3060; x_wconf 81' lang='lat' dir='ltr'><strong>eum.</strong></span> <span class='ocrx_word' id='word_1_177' title='bbox 373 2991 420 3057; x_wconf 89' lang='lat' dir='ltr'><strong>Et</strong></span> <span class='ocrx_word' id='word_1_178' title='bbox 442 2991 516 3073; x_wconf 88' lang='lat' dir='ltr'><strong>ipse</strong></span> <span class='ocrx_word' id='word_1_179' title='bbox 533 2989 676 3057; x_wconf 88' lang='lat' dir='ltr'><strong>veniens</strong></span> <span class='ocrx_word' id='word_1_180' title='bbox 699 2988 744 3052; x_wconf 93' lang='lat' dir='ltr'><strong>ad</strong></span> <span class='ocrx_word' id='word_1_181' title='bbox 765 2989 964 3070; x_wconf 89' lang='lat' dir='ltr'><strong>episcopum</strong></span> <span class='ocrx_word' id='word_1_182' title='bbox 983 2991 1173 3064; x_wconf 80' lang='lat' dir='ltr'><strong>nunciabat</strong></span> 
     </span>
     <span class='ocr_line' id='line_1_27' title="bbox 228 3086 1171 3160; baseline -0.001 -7"><span class='ocrx_word' id='word_1_183' title='bbox 228 3089 261 3160; x_wconf 84' lang='grc'><strong>01</strong></span> <span class='ocrx_word' id='word_1_184' title='bbox 298 3090 414 3160; x_wconf 82' lang='lat' dir='ltr'><strong>omnia</strong></span> <span class='ocrx_word' id='word_1_185' title='bbox 454 3089 560 3153; x_wconf 87' lang='lat' dir='ltr'><strong>verba</strong></span> <span class='ocrx_word' id='word_1_186' title='bbox 599 3086 684 3151; x_wconf 84' lang='lat' dir='ltr'><strong>haec.</strong></span> <span class='ocrx_word' id='word_1_187' title='bbox 737 3086 883 3153; x_wconf 86' lang='lat' dir='ltr'><strong>Interim</strong></span> <span class='ocrx_word' id='word_1_188' title='bbox 918 3088 1074 3158; x_wconf 85' lang='lat' dir='ltr'><strong>visitavit</strong></span> <span class='ocrx_word' id='word_1_189' title='bbox 1111 3108 1171 3160; x_wconf 85' lang='grc'><strong>000</strong></span> 
     </span>
     <span class='ocr_line' id='line_1_28' title="bbox 229 3180 1171 3260; baseline -0.003 -8"><span class='ocrx_word' id='word_1_190' title='bbox 229 3187 444 3258; x_wconf 73' lang='lat' dir='ltr'><strong>‘Dominus’</strong></span> <span class='ocrx_word' id='word_1_191' title='bbox 449 3180 461 3217; x_wconf 84' lang='lat'><strong>²</strong></span> <span class='ocrx_word' id='word_1_192' title='bbox 497 3187 676 3258; x_wconf 85' lang='lat' dir='ltr'><strong>Venerunt</strong></span> <span class='ocrx_word' id='word_1_193' title='bbox 691 3183 781 3252; x_wconf 89' lang='lat' dir='ltr'><strong>euim</strong></span> <span class='ocrx_word' id='word_1_194' title='bbox 799 3185 848 3254; x_wconf 87' lang='lat' dir='ltr'><strong>eis</strong></span> <span class='ocrx_word' id='word_1_195' title='bbox 866 3205 945 3255; x_wconf 83' lang='lat' dir='ltr'><strong>cum</strong></span> <span class='ocrx_word' id='word_1_196' title='bbox 962 3186 1171 3260; x_wconf 83' lang='lat' dir='ltr'><strong>victualibus</strong></span> 
     </span>
     <span class='ocr_line' id='line_1_29' title="bbox 228 3282 1171 3366; baseline -0.002 -16"><span class='ocrx_word' id='word_1_197' title='bbox 228 3293 300 3351; x_wconf 90' lang='lat' dir='ltr'><strong>tres</strong></span> <span class='ocrx_word' id='word_1_198' title='bbox 332 3306 440 3351; x_wconf 83' lang='lat' dir='ltr'><strong>naves</strong></span> <span class='ocrx_word' id='word_1_199' title='bbox 473 3291 619 3356; x_wconf 78' lang='lat' dir='ltr'><strong>onustae,</strong></span> <span class='ocrx_word' id='word_1_200' title='bbox 648 3282 738 3347; x_wconf 88' lang='lat' dir='ltr'><strong>unde</strong></span> <span class='ocrx_word' id='word_1_201' title='bbox 777 3284 1004 3366; x_wconf 88' lang='lat' dir='ltr'><strong>reassumptis</strong></span> <span class='ocrx_word' id='word_1_202' title='bbox 1039 3285 1171 3348; x_wconf 88' lang='lat' dir='ltr'><strong>viribus</strong></span> 
     </span>
     <span class='ocr_line' id='line_1_30' title="bbox 228 3381 1172 3464; baseline -0.005 -13"><span class='ocrx_word' id='word_1_203' title='bbox 228 3387 341 3453; x_wconf 90' lang='lat' dir='ltr'><strong>acrius</strong></span> <span class='ocrx_word' id='word_1_204' title='bbox 362 3386 466 3458; x_wconf 87' lang='lat' dir='ltr'><strong>solito</strong></span> <span class='ocrx_word' id='word_1_205' title='bbox 485 3383 651 3454; x_wconf 84' lang='lat' dir='ltr'><strong>insultum</strong></span> <span class='ocrx_word' id='word_1_206' title='bbox 674 3381 839 3459; x_wconf 85' lang='lat' dir='ltr'><strong>fecerunt,</strong></span> <span class='ocrx_word' id='word_1_207' title='bbox 856 3383 907 3456; x_wconf 89' lang='lat' dir='ltr'><strong>ita</strong></span> <span class='ocrx_word' id='word_1_208' title='bbox 921 3383 1013 3464; x_wconf 91' lang='lat' dir='ltr'><strong>quod</strong></span> <span class='ocrx_word' id='word_1_209' title='bbox 1032 3384 1172 3458; x_wconf 81' lang='lat' dir='ltr'><strong>attoniti</strong></span> 
     </span>
     <span class='ocr_line' id='line_1_31' title="bbox 226 3480 1171 3564; baseline -0.002 -18"><span class='ocrx_word' id='word_1_210' title='bbox 226 3492 420 3556; x_wconf 76' lang='lat' dir='ltr'><strong>castrenses</strong></span> <span class='ocrx_word' id='word_1_211' title='bbox 445 3483 615 3556; x_wconf 87' lang='lat' dir='ltr'><strong>dederuut</strong></span> <span class='ocrx_word' id='word_1_212' title='bbox 634 3499 671 3545; x_wconf 90' lang='lat' dir='ltr'><strong>se</strong></span> <span class='ocrx_word' id='word_1_213' title='bbox 696 3487 776 3564; x_wconf 90' lang='lat' dir='ltr'><strong>post</strong></span> <span class='ocrx_word' id='word_1_214' title='bbox 798 3480 949 3558; x_wconf 87' lang='lat' dir='ltr'><strong>biduum,</strong></span> <span class='ocrx_word' id='word_1_215' title='bbox 973 3481 1080 3546; x_wconf 87' lang='lat' dir='ltr'><strong>salvis</strong></span> <span class='ocrx_word' id='word_1_216' title='bbox 1105 3483 1171 3552; x_wconf 87' lang='lat' dir='ltr'><strong>sibi</strong></span> 
     </span>
     <span class='ocr_line' id='line_1_32' title="bbox 225 3579 1171 3662; baseline -0.003 -15"><span class='ocrx_word' id='word_1_217' title='bbox 225 3584 337 3661; x_wconf 86' lang='lat' dir='ltr'><strong>bonis,</strong></span> <span class='ocrx_word' id='word_1_218' title='bbox 353 3585 427 3651; x_wconf 87' lang='lat' dir='ltr'><strong>vita</strong></span> <span class='ocrx_word' id='word_1_219' title='bbox 437 3589 471 3655; x_wconf 88' lang='lat' dir='ltr'><strong>et</strong></span> <span class='ocrx_word' id='word_1_220' title='bbox 483 3582 656 3652; x_wconf 89' lang='lat' dir='ltr'><strong>membris.</strong></span> <span class='ocrx_word' id='word_1_221' title='bbox 691 3579 992 3662; x_wconf 79' lang='lat' dir='ltr'><strong>Missisquenouis</strong></span> <span class='ocrx_word' id='word_1_222' title='bbox 1004 3581 1171 3652; x_wconf 86' lang='lat' dir='ltr'><strong>militibus</strong></span> 
     </span>
     <span class='ocr_line' id='line_1_33' title="bbox 226 3679 1171 3760; baseline -0.001 -15"><span class='ocrx_word' id='word_1_223' title='bbox 226 3682 271 3746; x_wconf 86' lang='lat' dir='ltr'><strong>ad</strong></span> <span class='ocrx_word' id='word_1_224' title='bbox 292 3683 363 3749; x_wconf 88' lang='lat' dir='ltr'><strong>alia</strong></span> <span class='ocrx_word' id='word_1_225' title='bbox 382 3689 510 3757; x_wconf 84' lang='lat' dir='ltr'><strong>castra,</strong></span> <span class='ocrx_word' id='word_1_226' title='bbox 533 3687 574 3743; x_wconf 91' lang='lat' dir='ltr'><strong>ut</strong></span> <span class='ocrx_word' id='word_1_227' title='bbox 593 3699 666 3754; x_wconf 71' lang='lat' dir='ltr'><strong>susp</strong></span> <span class='ocrx_word' id='word_1_228' title='bbox 681 3679 844 3753; x_wconf 84' lang='lat' dir='ltr'><strong>novitatis</strong></span> <span class='ocrx_word' id='word_1_229' title='bbox 866 3679 1012 3760; x_wconf 79' lang='lat' dir='ltr'><strong>gloriam</strong></span> <span class='ocrx_word' id='word_1_230' title='bbox 1029 3699 1171 3744; x_wconf 84' lang='lat' dir='ltr'><strong>exerce-</strong></span> 
     </span>
     <span class='ocr_line' id='line_1_34' title="bbox 226 3778 1169 3858; baseline 0.003 -17"><span class='ocrx_word' id='word_1_231' title='bbox 226 3787 317 3856; x_wconf 85' lang='lat' dir='ltr'><strong>rent,</strong></span> <span class='ocrx_word' id='word_1_232' title='bbox 339 3781 544 3844; x_wconf 89' lang='lat' dir='ltr'><strong>invenerunt</strong></span> <span class='ocrx_word' id='word_1_233' title='bbox 564 3798 606 3843; x_wconf 90' lang='lat' dir='ltr'><strong>ea</strong></span> <span class='ocrx_word' id='word_1_234' title='bbox 623 3797 748 3854; x_wconf 83' lang='lat' dir='ltr'><strong>vacua,</strong></span> <span class='ocrx_word' id='word_1_235' title='bbox 766 3785 802 3841; x_wconf 90' lang='lat' dir='ltr'><strong>et</strong></span> <span class='ocrx_word' id='word_1_236' title='bbox 818 3778 893 3858; x_wconf 82' lang='lat' dir='ltr'><strong>igni</strong></span> <span class='ocrx_word' id='word_1_237' title='bbox 906 3779 1169 3850; x_wconf 79' lang='lat' dir='ltr'><strong>succenderunt.</strong></span> 
     </span>
     <span class='ocr_line' id='line_1_35' title="bbox 226 3875 1171 3959; baseline 0 -19"><span class='ocrx_word' id='word_1_238' title='bbox 226 3878 274 3941; x_wconf 88' lang='lat' dir='ltr'><strong>Et</strong></span> <span class='ocrx_word' id='word_1_239' title='bbox 297 3878 347 3940; x_wconf 90' lang='lat' dir='ltr'><strong>sie</strong></span> <span class='ocrx_word' id='word_1_240' title='bbox 373 3877 484 3959; x_wconf 89' lang='lat' dir='ltr'><strong>captis</strong></span> <span class='ocrx_word' id='word_1_241' title='bbox 506 3885 542 3940; x_wconf 89' lang='lat' dir='ltr'><strong>et</strong></span> <span class='ocrx_word' id='word_1_242' title='bbox 569 3876 744 3940; x_wconf 88' lang='lat' dir='ltr'><strong>succensis</strong></span> <span class='ocrx_word' id='word_1_243' title='bbox 767 3875 838 3940; x_wconf 88' lang='lat' dir='ltr'><strong>illis</strong></span> <span class='ocrx_word' id='word_1_244' title='bbox 863 3876 973 3942; x_wconf 87' lang='lat' dir='ltr'><strong>tribus</strong></span> <span class='ocrx_word' id='word_1_245' title='bbox 1004 3877 1171 3954; x_wconf 86' lang='lat' dir='ltr'><strong>castellis,</strong></span> 
     </span>
     <span class='ocr_line' id='line_1_36' title="bbox 224 3973 1069 4054; baseline -0.007 -12"><span class='ocrx_word' id='word_1_246' title='bbox 224 3977 355 4042; x_wconf 86' lang='lat' dir='ltr'><strong>reversi</strong></span> <span class='ocrx_word' id='word_1_247' title='bbox 372 3975 511 4040; x_wconf 87' lang='lat' dir='ltr'><strong>suntad</strong></span> <span class='ocrx_word' id='word_1_248' title='bbox 527 3994 644 4054; x_wconf 79' lang='lat' dir='ltr'><strong>regem</strong></span> <span class='ocrx_word' id='word_1_249' title='bbox 659 3994 737 4042; x_wconf 90' lang='lat' dir='ltr'><strong>cum</strong></span> <span class='ocrx_word' id='word_1_250' title='bbox 753 3973 880 4054; x_wconf 78' lang='lat' dir='ltr'><strong>gaudio</strong></span> <span class='ocrx_word' id='word_1_251' title='bbox 897 3981 932 4038; x_wconf 88' lang='lat' dir='ltr'><strong>et</strong></span> <span class='ocrx_word' id='word_1_252' title='bbox 947 3973 1069 4054; x_wconf 83' lang='lat' dir='ltr'><strong>gloria.</strong></span> 
     </span>
    </p>
   </div>
   <div class='ocr_carea' id='block_1_4' title="bbox 258 4119 1171 4252">
    <p class='ocr_par' dir='ltr' id='par_1_4' title="bbox 258 4119 1171 4252">
     <span class='ocr_line' id='line_1_37' title="bbox 258 4119 1171 4252; baseline -0.044 -25"><span class='ocrx_word' id='word_1_253' title='bbox 258 4158 567 4223; x_wconf 69' lang='lat' dir='ltr'><strong>¹‘0rem’usnansa</strong></span> <span class='ocrx_word' id='word_1_254' title='bbox 708 4119 900 4241; x_wconf 37' lang='lat' dir='ltr'><strong>0¹:153ng</strong></span> <span class='ocrx_word' id='word_1_255' title='bbox 901 4123 994 4252; x_wconf 56' lang='lat' dir='ltr'><strong>dmm</strong></span> <span class='ocrx_word' id='word_1_256' title='bbox 989 4122 1057 4242; x_wconf 56' lang='lat' dir='ltr'><strong>ffltt</strong></span> <span class='ocrx_word' id='word_1_257' title='bbox 1079 4125 1171 4186; x_wconf 69' lang='lat' dir='ltr'><strong>vae,</strong></span> 
     </span>
    </p>
   </div>
   <div class='ocr_carea' id='block_1_5' title="bbox 0 0 1588 4992">
    <p class='ocr_par' dir='ltr' id='par_1_5' title="bbox 0 0 1588 4992">
     <span class='ocr_line' id='line_1_38' title="bbox 0 0 1588 4992; baseline 0 0"><span class='ocrx_word' id='word_1_258' title='bbox 0 0 1588 4992; x_wconf 95' lang='lat' dir='ltr'><strong> </strong></span> 
     </span>
    </p>
   </div>
  </div>
 </body>
</html>
