3178 4992
433 486 605 536 wnnrunr
628 489 677 537 on
699 489 984 540 uunrscnuncrr.
1149 476 1194 542 87
1257 461 1260 468 ’

506 731 510 753 ”
601 733 706 814 ‘Item
719 748 824 813 cliu.'¹
1218 793 1338 835 mu,

1216 845 1243 883 Δ.
1250 845 1278 883 D.
1286 846 1344 884 129⁶.

1203 897 1357 912 m

284 943 484 1009 Universis²
519 951 585 1009 etc.
620 945 643 1010 J
646 945 813 1024 ohannes,
851 947 920 1011 Dei
959 948 1086 1030 gratia,
1123 955 1188 1015 etc.
1202 971 1287 1012 aare„

241 1041 391 1109 Noverit
422 1046 630 1110 universitas
670 1054 788 1111 vestra
823 1047 916 1130 quod
955 1067 1019 1112 nos
1054 1055 1118 1116 etc.
1149 1056 1190 1113 ut
1201 1025 1338 1112 imm

238 1161 354 1224 supra.
412 1145 547 1210 Dentes
584 1144 713 1211 eisdem
755 1147 927 1224 omnibus
967 1148 1088 1225 tubus,
1129 1123 1338 1214 autliffiim

238 1240 374 1307 duobus
399 1264 445 1308 ex
471 1246 569 1327 ipsiS,
596 1245 792 1326 generalem
821 1253 857 1310 et
883 1246 1027 1312 liberam
1053 1268 1095 1312 ac
1116 1248 1190 1331 ple-

238 1342 371 1407 nariam
419 1352 627 1427 potestatem
669 1345 846 1428 obligandi
888 1366 964 1424 nos,
1004 1354 1041 1412 et
1080 1348 1189 1412 filium

239 1449 409 1520 nostrum,
431 1452 467 1509 et
488 1447 583 1529 ipsos
600 1444 750 1521 incolas3
776 1465 818 1509 ac
830 1446 972 1529 jurandi
987 1447 1023 1511 in
1040 1448 1189 1513 animam

239 1549 406 1620 nostram,
434 1544 497 1608 filii
521 1545 643 1621 nostri,
668 1552 704 1609 et
730 1546 828 1627 regni
851 1545 961 1609 nostri
984 1547 1189 1625 incolarum,

239 1661 373 1706 necnon
400 1645 516 1709 omnia
538 1652 573 1709 et
595 1644 737 1727 singula
761 1645 910 1711 faciendi
925 1653 961 1710 et
980 1645 1191 1728 perficiendi,

239 1748 304 1805 etc.
355 1743 512 1808 ‘Datum
530 1745 585 1808 die
600 1764 670 1828 quo
685 1743 837 1827 supra'8

275 1946 281 1976 ¹
299 1950 381 1998 ‘Item
394 1947 483 2012 aliud,’
495 1950 552 2000 MS.
564 1951 659 2000 Lansd.
724 1964 757 1998 ex
769 1951 842 2013 ipsis,
854 1951 995 2013 generalem
1005 1955 1030 2000 et
1040 1953 1146 2001 liberam
1158 1968 1188 2002 ac

274 2015 363 2069 ¹'l'lris
382 2021 494 2070 abstraet
512 2022 535 2070 is
550 2021 586 2069 ull
605 2021 700 2070 thetis
725 2021 864 2081 plenariam
886 2025 1034 2082 potestatem
1059 2023 1190 2085 obligandi

236 2089 312 2150 given
334 2091 360 2138 iu
384 2090 601 2154 Hemingburgh’s
623 2091 701 2140 MSS.
724 2091 1191 2156 nos,etffliumnostrumpraedictum,

237 2158 291 2208 'l'he
302 2159 426 2221 complete
437 2161 501 2210 torm
512 2161 541 2209 of
554 2161 596 2209 tlre
608 2163 701 2210 iustru·
725 2174 830 2222 regnum
851 2165 974 2221 nostrum,
996 2166 1022 2210 et
1044 2163 1127 2223 ipsius
1149 2163 1188 2211 iu-

238 2235 315 2291 ment,
336 2230 422 2278 which
444 2231 553 2291 follows,
573 2232 597 2280 is
623 2231 701 2280 talrou
725 2231 810 2290 colas3
833 2245 864 2279 ac
888 2231 994 2292 jurandi
1022 2231 1049 2279 iu
1077 2232 1187 2280 animam

238 2298 301 2347 from
321 2299 363 2348 the
381 2305 572 2362 contemporary
589 2316 654 2362 copy
674 2302 701 2349 iu
725 2305 845 2362 noscam,
873 2301 919 2348 lilii
946 2301 1035 2362 nostri,
1062 2306 1089 2349 et
1115 2303 1187 2364 regni

237 2367 279 2418 the
298 2369 426 2432 Treasury
444 2370 473 2419 oi
488 2370 531 2419 the
550 2371 657 2433 Reoeipt
675 2371 704 2419 os
725 2371 803 2418 nostri
819 2370 973 2430 incolarum
991 2385 1088 2419 necnon
1103 2373 1188 2422 omnia

237 2438 280 2488 the
299 2440 460 2504 Exchequer,
470 2440 581 2490 referred
596 2445 623 2489 to
636 2444 701 2503 unte,
724 2445 750 2488 et
762 2441 863 2502 singula
874 2439 984 2489 faciendi
995 2445 1022 2489 et
1032 2441 1188 2504 perficiendi,

239 2524 265 2569 p.
276 2512 318 2570 78,
329 2515 387 2558 note
400 2507 460 2560 ¹:—
725 2525 784 2570 quae
807 2511 841 2558 ad
863 2510 1000 2571 praedictos
1020 2515 1146 2560 tractatus
1163 2516 1189 2560 et

272 2579 431 2629 “Universis
448 2585 587 2642 praesentes
602 2579 700 2629 litteras
724 2581 896 2629 ordinationes
904 2581 1037 2642 etuegotia
1045 2583 1191 2630 necessaria

236 2649 389 2710 inspecturis
400 2650 540 2711 Johauues,
550 2649 602 2699 Dei
618 2651 701 2712 gratia
724 2649 819 2698 suerint
839 2651 881 2698 vel
902 2655 1061 2712 opportuna3
1089 2655 1115 2699 et
1136 2651 1190 2700 ulia

236 2719 329 2768 Scotiae
346 2734 401 2781 rex,
411 2721 519 2769 salutem
536 2721 563 2768 in
579 2719 699 2770 Domino.
724 2719 800 2768 etiam
813 2725 839 2768 et
856 2720 958 2782 singula
972 2720 1085 2770 faciendi
1096 2725 1121 2769 et
1132 2735 1189 2782 per-

238 2789 346 2837 Noverit
361 2790 514 2839 universitas
530 2795 615 2838 vestra
631 2790 700 2852 quod
724 2789 835 2852 finiendi,
843 2805 901 2851 quas
913 2805 969 2850 uos,
979 2791 1048 2838 lilius
1058 2795 1152 2854 noster,
1162 2796 1189 2839 et

235 2873 282 2907 uos
293 2859 410 2922 facimus,
421 2860 607 2921 constituimus,
618 2864 644 2908 et
661 2874 700 2908 or·
724 2860 814 2908 iucolae
825 2859 896 2922 regni
906 2861 995 2921 nostri,
1005 2859 1089 2908 lacere
1100 2874 1189 2922 posse·

236 2929 355 2978 dinamus
372 2945 417 2990 per
434 2933 582 2992 praesentes,
592 2930 700 2980 dilectos
724 2943 781 2978 mus
789 2931 811 2978 si
818 2931 1189 2991 praeseutesessemus,etiamsi

237 3003 263 3046 et
290 2999 378 3048 fideles
406 3005 514 3060 nostros,
541 3000 699 3050 venerabiles
723 3000 869 3048 mandatum
877 2999 982 3062 exigant
992 3000 1113 3060 speciale.
1137 3001 1188 3048 Ra·

236 3069 572 3129 patresWillelmumSancti
579 3070 699 3132 Audreae,
722 3073 777 3118 tum
788 3073 815 3117 et
825 3073 923 3130 gratum
941 3069 1063 3117 habentes
1080 3068 1187 3117 athabi-

236 3142 263 3186 et
274 3137 415 3188 Mathaeum
425 3138 635 3188 Duukeldensem
643 3141 698 3201 epi·
723 3139 774 3186 turi
785 3138 908 3200 quicquid
918 3152 964 3199 per
974 3137 1056 3186 dictos
1067 3143 1188 3200 quatuor,

236 3222 336 3270 scopos,
344 3223 374 3258 ac
385 3209 526 3258 Johaunem
533 3210 566 3257 de
576 3209 664 3267 Soule,
673 3215 700 3259 st
722 3212 782 3268 tres,
793 3209 833 3257 vel
846 3209 911 3256 duos
927 3207 1081 3269 eorumdem,
1092 3211 1186 3269 sctum,

236 3278 398 3339 Iugeramum
419 3280 452 3328 de
475 3279 626 3341 Umfranvyl
652 3281 698 3328 mi·
724 3283 832 3340 gestum,
851 3281 1045 3339 procuratumve
1063 3276 1185 3326 fueritin

234 3348 302 3409 lites,
313 3353 450 3398 attornatos
460 3354 567 3411 nostros,
578 3363 697 3409 procura·
723 3348 862 3408 praemissis
884 3351 910 3396 et
937 3347 1051 3409 quolibet
1072 3348 1186 3408 praemis·

234 3421 311 3479 tores,
333 3423 358 3466 et
379 3419 485 3467 nuncios
506 3419 641 3480 speciales,
664 3420 699 3468 ad
722 3431 816 3468 sorum.
846 3417 1186 3479 Inquusreitestimouium

233 3489 402 3551 tractandum,
416 3488 593 3551 ordinandum,
603 3487 698 3538 facien·
721 3488 890 3548 presentibus
901 3487 993 3536 litteris
1004 3487 1115 3548 sigillum
1128 3501 1186 3536 nos-

233 3558 304 3618 dum,
324 3563 350 3606 et
370 3558 551 3620 perficiendum
571 3560 656 3607 omnia
672 3564 699 3607 et
721 3562 787 3605 mum
815 3557 922 3606 fecimus
949 3558 1053 3618 apponi.
1088 3556 1185 3606 Datum

234 3626 336 3689 singula
351 3629 463 3690 negotia,
473 3642 528 3690 nos,
540 3628 696 3677 Edwardum
722 3628 792 3688 apud
798 3627 933 3688 strivelyu,
941 3627 1015 3674 tertio
1023 3640 1103 3674 nouas
1109 3627 1185 3690 Julii,

233 3697 312 3744 fllium
329 3701 441 3746 nostrum
460 3698 654 3760 primogenitum
672 3703 697 3747 et
721 3695 1186 3745 aunoDominimillesimoducentesi-

232 3763 358 3815 heredem
370 3768 441 3829 regni
459 3769 547 3828 nostri,
558 3773 583 3816 et
600 3767 697 3817 incolas
721 3781 761 3814 mo
772 3767 934 3828 nonagesimo
944 3767 1117 3828 quinto‚regni
1125 3781 1185 3814 vero

233 3837 304 3898 regui
320 3838 409 3899 nostri,
418 3837 629 3898 qualitercunque
640 3842 696 3886 tan·
720 3837 799 3885 nostri
810 3836 893 3885 tertio.
915 3835 947 3883 In
959 3849 1065 3895 quorum
1072 3836 1182 3884 onmium

233 3907 319 3966 gentis
340 3911 366 3954 et
392 3907 538 3966 ubicunque
565 3907 591 3954 in
619 3921 697 3969 regno
719 3907 891 3956 testimonium
906 3905 1075 3965 praesentibus
1092 3904 1184 3953 litteris

233 3973 357 4038 Franciae,
365 3990 423 4024 cum
434 3977 628 4038 quibuscunque
640 3991 696 4037 per·
720 3979 831 4024 nostrum
841 3974 948 4023 fecimus
956 3974 1049 4034 apponi
1060 3973 1182 4033 sigillum.

231 4045 309 4107 sonis,
327 4045 509 4094 ecclesiasticis
527 4049 553 4095 et
574 4047 695 4095 seculari-
755 4045 849 4094 Actum
870 4043 979 4091 Parisiis
997 4042 1039 4090 die
1061 4043 1184 4090 vicesima

232 4114 288 4175 bus,
324 4117 509 4176 cujuscumque
543 4116 695 4165 conditionis
720 4115 795 4162 tertia
831 4112 925 4160 mensis
953 4111 1082 4172 Octobris,
1116 4125 1182 4159 anuo

231 4185 342 4232 existunt
353 4190 398 4233 aut
409 4190 501 4234 status.
536 4184 636 4234 Dentes
647 4187 694 4234 eis·
720 4183 823 4232 Domini
836 4180 975 4230 u.ccxcv.''

230 4253 287 4302 clem
298 4255 528 4319 omnibus,·tribus,
539 4259 585 4303 aut
595 4255 695 4305 duobus
756 4250 766 4281 ³
783 4253 791 4282 ‘
798 4252 895 4301 Dauum
911 4251 983 4313 apud
993 4249 1127 4311 Stryvelyu
1138 4250 1181 4299 die
