3130 4992
254 633 344 672 Edwartl
359 632 377 672 1.

246 683 279 744 vA.
288 683 316 722 D.
327 685 383 721 1282.

246 3011 332 3053 Llevvell

246 3062 302 3102 alain
311 3063 338 3110 by

245 3112 338 3160 Stepbeu
347 3112 374 3150 de

247 3163 365 3210 Frauktou,

246 3212 331 3260 Frtday,

246 3262 299 3301 Dec.
311 3264 341 3300 11.

403 443 446 505 12
778 458 986 506 cnaourcou

404 617 479 682 “Si
502 618 729 682 manserimus
755 618 810 681 hic
838 636 900 681 nec
931 615 1099 699 proficere
1122 634 1187 678 nec
1209 614 1357 679 transire

405 719 608 801 poterimus,
633 717 692 780 sed
724 725 777 781 est
806 719 935 781 vadum
958 716 1133 797 quoddam
1157 734 1226 790 non
1254 715 1357 796 longe

405 818 539 881 distans
561 825 597 881 et
620 837 641 880 a
659 816 894 881 Wallensibus
915 817 1137 896 incognitum,
1160 815 1219 878 ubi
1243 821 1356 878 trans-

405 918 679 999 ire'pcterimus,
702 937 780 980 cum
807 915 1009 980 difficultate
1037 923 1173 989 tamen;
1207 933 1355 996 sequan-

405 1024 463 1079 tur
485 1035 567 1096 ergo
591 1035 646 1078 me
668 1017 734 1078 viri
756 1016 874 1093 fortes,
895 1023 930 1080 et
952 1015 1184 1099 percutiemus
1209 1033 1230 1077 a
1256 1022 1355 1094 tergo

405 1114 602 1180 Wallenses
621 1117 681 1198 qui
696 1117 800 1180 modo
816 1116 957 1180 suntad
973 1122 1125 1197 pontem,
1140 1121 1176 1178 et
1192 1114 1242 1177 sic
1257 1121 1355 1196 patc-

404 1203 455 1279 bit
470 1215 648 1296 ingressus
663 1234 725 1297 per
737 1223 879 1298 pontem
890 1216 1024 1297 reliquo
1040 1213 1210 1278 exercitui
1223 1221 1354 1289 nostro,

405 1315 664 1397 poterimusque
681 1324 809 1379 extunc
829 1315 931 1397 plane
950 1313 1136 1397 procedere
1154 1321 1276 1377 contra
1301 1331 1355 1375 re-

405 1413 519 1496 liquos
542 1402 694 1478 hostes.”
723 1415 889 1496 Fecitque
914 1415 964 1478 sic
988 1421 1023 1477 et
1045 1413 1206 1476 transivit
1227 1411 1355 1475 vadum

406 1513 483 1576 aliis
512 1514 738 1595 incognitum,
770 1515 861 1577 unde
893 1523 929 1578 et
958 1532 1082 1578 nomen
1109 1513 1269 1576 sortitum
1301 1518 1355 1575 est

406 1631 517 1694 usque
531 1614 565 1675 in
580 1621 783 1695 praesentem
797 1613 886 1677 diem
901 1622 938 1677 et
951 1620 961 1647 ‘
975 1619 1138 1677 vocatum
1154 1619 1208 1676 est
1221 1611 1247 1644 '¹
1265 1617 1273 1646 ‘
1287 1611 1321 1673 H
1326 1613 1353 1675 i-

406 1710 543 1775 liswatb
556 1711 599 1776 θ’
627 1713 866 1794 percussisque
899 1712 1135 1776 wallensibus
1166 1712 1226 1794 qui
1256 1718 1355 1775 erant

407 1810 449 1873 ad
472 1817 623 1892 pontem,
640 1811 784 1874 liberum
801 1811 882 1876 fecit
903 1812 1081 1875 introitum
1103 1811 1236 1892 reliquo
1255 1830 1353 1873 exer-

406 1909 491 1972 citui
510 1917 641 1974 nostro.
695 1910 852 1992 Cumque
874 1912 1004 1975 clamor
1027 1911 1225 1974 ascenderet
1249 1910 1353 1973 etiam

407 2008 450 2072 ad
475 2027 576 2072 aures
591 2009 700 2092 ipsius
723 2009 858 2074 Leulini
874 2012 934 2091 qui
957 2011 1005 2073 ibi
1031 2030 1138 2092 prope
1155 2011 1190 2072 iu
1208 2009 1354 2091 grangia

407 2107 617 2192 Thaulweyr
635 2108 811 2186 latitabat,
834 2111 883 2174 ait
902 2111 976 2192 ipse
998 2109 1175 2186 Leulinus,
1190 2114 1212 2142 “
1228 2109 1353 2172 Nonne

408 2205 604 2270 Wallenses
625 2209 694 2271 mei
713 2215 795 2272 sunt
817 2209 860 2272 ad
879 2216 1019 2291 pontem
1033 2205 1289 2291 ‘Grewyu’l”³
1303 2208 1354 2271 di-

408 2314 490 2369 cunt
506 2307 550 2382 ei,
569 2307 740 2388 “Utique
760 2309 877 2372 sunt.'’
929 2307 975 2372 Et
997 2309 1058 2384 ait,
1076 2308 1257 2372 “Etiamsi
1278 2315 1353 2371 tota

409 2402 538 2486 Anglia
557 2413 648 2470 esset
663 2406 699 2468 in
714 2416 813 2488 parte
830 2403 1072 2471 ‘altera’4non
1089 2408 1245 2472 timerem
1260 2408 1356 2472 coe.''

410 2503 679 2584 Ingravescente
709 2506 847 2569 tandem
878 2506 1028 2571 clamore
1058 2513 1094 2570 et
1123 2508 1356 2572 tumultuante

409 2604 485 2686 ejus
501 2605 656 2668 exercitu
678 2605 715 2666 in
737 2605 884 2670 excelsis
903 2606 982 2668 dum
1007 2607 1197 2670 exercitum
1222 2607 1354 2688 Anglo-

408 2721 485 2764 rum
511 2703 668 2766 viderent
691 2699 946 2787 properantem,
966 2703 1143 2769 festinavit
1166 2707 1241 2788 ipse
1265 2706 1355 2768 Leu-

409 2799 500 2863 linus
521 2822 598 2865 cum
625 2822 734 2884 puero
761 2823 826 2868 suo
850 2804 1000 2868 latenter
1022 2806 1219 2883 ascendere,
1242 2806 1357 2869 timuit

410 2901 498 2962 enim
517 2902 582 2964 sibi
597 2903 737 2984 cognito
755 2904 921 2986 praedicto
939 2923 1033 2969 casu.
1086 2904 1243 2988 Cumque
1261 2905 1355 2968 vide-

333 3022 362 3062 vu
409 3007 505 3062 retur
527 3019 549 3063 a
571 3001 719 3083 quodam
742 3022 787 3066 ex
809 3003 950 3078 nostris,
968 3003 1146 3086 Stephano
1163 3005 1296 3070 seilicet
1312 3005 1355 3069 de

411 3098 643 3178 Frauketone‚
659 3121 722 3164 nec
737 3109 851 3166 tamen
873 3111 1140 3184 cognosceretur
1159 3106 1237 3187 quis
1253 3111 1356 3181 esset,

408 3205 546 3262 secutus
569 3209 622 3264 est
644 3221 722 3264 eum
744 3201 834 3266 idem
858 3200 1055 3285 Stephanus
1077 3223 1156 3266 oum
1177 3205 1298 3287 paucis
1320 3211 1356 3269 et

407 3297 520 3378 ipsum
538 3298 726 3380 fugientem
750 3310 785 3364 et
806 3301 931 3364 leviter
947 3310 1118 3366 armatum
1139 3304 1260 3368 lancea
1276 3323 1354 3385 per·

406 3395 547 3473 foravit,
574 3405 609 3462 et
638 3399 820 3463 confestim
849 3401 945 3478 abiit,
977 3409 1012 3466 et
1038 3421 1199 3468 reversus
1231 3411 1285 3467 est
1311 3402 1354 3466 ad

407 3497 597 3558 exercitum
614 3505 783 3563 nostrum.
835 3498 1012 3564 Steterunt
1025 3502 1143 3583 itaque
1160 3502 1356 3567 Wallenses

407 3613 469 3674 per
484 3601 617 3659 turmas
632 3616 714 3660 suas
729 3600 765 3661 in
782 3599 966 3680 supercilio
982 3601 1109 3663 montis
1130 3608 1356 3683 expectantes

406 3693 597 3775 principem
624 3703 660 3759 et
677 3696 849 3761 dominum
876 3717 989 3774 suum,
1012 3700 1072 3763 sed
1096 3701 1293 3765 incassum:
1321 3706 1356 3763 et

407 3793 672 3859 ascendentibus
699 3796 838 3873 nostris,
871 3797 1020 3878 sagittas
1049 3806 1085 3863 et
1114 3799 1203 3863 telas
1229 3799 1357 3863 multas

439 4032 455 4092 ¹¹
467 4063 605 4124 ‘vocatur‚'
617 4066 674 4118 MS.
686 4065 754 4115 cort.
765 4067 822 4116 Tib.
928 4065 939 4096 ⁸
955 4070 1085 4134 ‘Erevin,’
1108 4071 1166 4120 MS.
1179 4072 1273 4120 Lanad.

439 4131 653 4197 ²‘Helyuvvatb,’
682 4136 741 4186 MS.
761 4137 866 4198 Lansd.;

405 4202 592 4267 ‘Heliesvvat','
604 4206 662 4255 MS.
675 4205 743 4256 cort.
755 4207 813 4256 Tib.
928 4204 936 4234 ⁴
954 4208 963 4236 ‘
970 4210 1105 4272 opposita‚’
1117 4210 1175 4261 MS.
1188 4211 1282 4260 Lunsd.
