3178 4992
445 486 617 536 wunsam
639 487 688 542 DE
711 486 998 536 HRMINGBURGH.
1142 473 1188 536 95

236 643 327 707 filius
345 644 369 709 J
371 643 517 708 ohannrs
538 643 674 728 Comyn
691 644 734 708 de
753 644 977 728 Badenacgh,
992 665 1072 710 curn
1090 665 1191 710 exer·
1213 661 1343 753 {1135qu

236 744 307 807 citu
328 745 469 828 copioso
493 745 690 820 Scotorum,
714 752 893 809 numerato
918 747 961 810 ad
982 747 1354 860 quingentos-“-

237 844 370 925 equites
397 852 549 908 armatos
581 851 616 907 et
641 861 703 908 ιιι.
729 845 839 908 millia
867 845 1034 927 peditum,
1061 846 1192 928 egressi

238 951 320 1006 sunt
348 963 369 1008 a
398 944 502 1008 Valle
529 943 713 1020 Anandiae,
744 951 965 1008 transeuntes
994 965 1121 1030 aquarn
1150 945 1196 1008 de

238 1042 435 1108 Sulewath²
456 1063 519 1126 per
542 1045 610 1107 tria
638 1045 728 1120 loca,
751 1044 973 1110 incendentes
997 1046 1042 1108 ab
1063 1043 1193 1108 Arthe-

238 1150 291 1206 ret
305 1150 341 1207 et
354 1164 415 1226 per
429 1143 578 1207 medium
593 1143 732 1207 forestae
747 1142 920 1226 Nicholay
933 1164 1045 1226 nsque
1058 1143 1195 1208 Carlioss

239 1242 311 1306 lum
342 1261 461 1307 omnes
483 1243 586 1308 villas
618 1243 961 1327 circumadjacentes,
982 1244 1194 1326 perimentes

239 1342 357 1424 gladio
377 1343 434 1406 vel
453 1342 577 1406 saltem
604 1342 817 1406 trucidantes
843 1350 1017 1425 quotquot
1040 1343 1192 1407 invenire

240 1449 415 1524 poterant,
431 1462 500 1506 non
522 1449 704 1524 parcentes
727 1443 840 1519 sexui,
863 1443 986 1520 ordini,
1004 1443 1059 1506 vel
1082 1443 1192 1506 aetati

241 1540 308 1604 Die
339 1561 422 1606 vcro
457 1540 586 1605 Martis
619 1542 794 1623 parabant
827 1561 866 1606 se
895 1543 940 1606 ad
978 1541 1314 1648 obsidionemrhenrrer·
1309 1567 1355 1607 rere

240 1641 394 1704 trinitatis
422 1638 646 1705 Carliolensis
675 1660 721 1704 ex
746 1642 907 1723 opposito
934 1641 1058 1706 Pontis
1080 1609 1221 1718 Edon,c

240 1740 301 1804 sed
319 1741 450 1827 egressi
471 1747 552 1804 sunt
571 1739 712 1822 quidam
733 1741 908 1822 sagittarii
932 1748 968 1805 et
989 1741 1033 1804 ad
1056 1748 1194 1823 tempus

240 1840 412 1904 modicum
444 1847 585 1922 pontem
616 1839 853 1916 defenderunt,
884 1846 1105 1922 asportantes
1139 1848 1192 1904 ta-

242 1940 340 2003 bulas
372 1957 461 2021 qnas
490 1946 662 2021 poteraut.
724 1937 829 2017 Quod
864 1940 1021 2004 videntes
1054 1941 1196 2016 armati,

240 2040 547 2104 circumduxerunt
586 2044 719 2121 partem
770 2039 946 2103 exercitus
989 2045 1026 2102 et
1066 2057 1195 2120 aquam

244 2139 456 2204 transierunt
479 2138 523 2201 ad
542 2137 670 2202 vadum
692 2138 758 2200 snb
774 2137 860 2202 villa
884 2136 1101 2214 Ricardina,i
1125 2139 1194 2200 cir-

242 2238 494 2302 cumvallantes
511 2236 689 2302 civitatem
709 2255 755 2300 cx
776 2237 871 2300 omni
889 2244 990 2320 parte
1016 2244 1053 2301 ct
1072 2237 1195 2301 domos

242 2338 459 2402 suburbanas
474 2336 633 2401 incendio
650 2344 922 2401 concremantes.
972 2337 1061 2401 Erat
1076 2343 1193 2401 autem

241 2439 277 2500 in
308 2437 449 2501 civitate
482 2443 567 2500 tune
603 2436 768 2518 temporis
805 2437 946 2517 quidam
978 2436 1194 2518 explorator,

242 2537 418 2602 Patricius
440 2535 589 2612 nomine,
613 2536 673 2618 qui
698 2555 763 2618 pro
789 2535 973 2600 manifesta
998 2536 1196 2618 suspicione·

242 2637 349 2720 paulo
369 2641 452 2700 ante
471 2643 595 2718 captus
615 2635 799 2699 tenebatur
817 2637 852 2699 in
870 2635 1016 2700 vinculis
1033 2637 1099 2698 sub
1115 2655 1194 2700 cns-

241 2737 338 2800 todia
381 2735 530 2798 carceris
571 2735 736 2800 civitatis.
801 2735 873 2799 Hic
918 2755 997 2800 euru
1037 2735 1195 2799 audisset

242 2835 425 2901 advenisse
453 2833 575 2898 Scotos
602 2853 686 2897 mox
719 2833 859 2898 vincula
890 2833 1039 2916 disrupit
1062 2842 1097 2898 et
1130 2835 1195 2898 do„

241 2954 335 2998 mum
351 2933 507 2997 accendit
521 2933 557 2996 in
575 2952 644 3015 qua
660 2932 837 3015 paulisper
856 2939 1044 3008 manserat,
1057 2933 1193 2996 statim·

242 3054 309 3116 que
332 3030 645 3096 murum‘civitatis
669 3032 870 3108 ascendens,
895 3031 1126 3096 conclamavit
1149 3031 1192 3095 ad

242 3133 363 3197 Scotos
397 3139 437 3195 nt
470 3131 616 3194 viriliter
652 3139 797 3211 agerent
835 3137 870 3194 et
904 3129 1192 3196 confortarentur.

243 3230 406 3310 Quicum
429 3237 696 3311 cognosceretur
710 3248 733 3292 a
746 3227 879 3294 civibus
894 3229 932 3293 in
951 3227 1105 3293 clamore
1117 3228 1192 3306 siro,

241 3333 367 3396 iterum
387 3329 620 3412 deprehensus
647 3336 700 3393 est
722 3335 757 3393 et
780 3328 909 3392 carceri
932 3329 1038 3393 castri
1061 3330 1195 3392 mancis

241 3437 346 3513 patus
367 3436 432 3506 est,
450 3435 485 3493 et
505 3436 588 3510 post
606 3428 680 3492 dies
701 3428 836 3510 aliquot
856 3447 926 3493 una
948 3447 1026 3492 curn
1049 3427 1195 3493 custode

241 3548 307 3594 suo
330 3529 442 3612 primo
464 3534 576 3592 morte
599 3527 783 3592 damnatus
807 3535 871 3607 est,
894 3535 1037 3606 tractus,
1059 3535 1095 3592 ct
1116 3547 1194 3592 sus-

241 3647 382 3713 pensus.
449 3627 584 3692 Domus
627 3628 748 3710 itaque
784 3647 847 3710 per·
895 3629 1008 3711 ipsum
1047 3646 1194 3692 accensa

242 3727 398 3793 accendit
420 3727 520 3804 alias,
536 3733 583 3804 et,
600 3734 705 3791 vento
722 3726 840 3805 flante,
862 3725 957 3792 facta
978 3734 1032 3791 est
1053 3727 1195 3790 flamma
1235 3715 1237 3719 ’

242 3845 352 3910 vorax
383 3828 419 3891 in
450 3827 666 3902 immensum,
695 3827 945 3908 combustaque
976 3832 1030 3890 est
1066 3845 1194 3907 magna

201 3987 208 4002 ,
241 3945 324 4008 pars
344 3926 509 4002 civitatis,
524 3933 560 3990 et
581 3925 750 3992 dissoluta
766 3933 849 3989 sunt
868 3924 973 3990 corda
993 3925 1193 4000 multorum,

241 4025 441 4103 dicentium,
452 4024 597 4108 “Capta
609 4032 662 4089 'est
673 4025 810 4102 civitas,
820 4023 1037 4106 fugiamusl''
1063 4021 1194 4086 Cucur-

313 4249 444 4314 'sum
454 4251 536 4302 Fritlr.
769 4247 934 4311 ’Riclrerby‚
946 4246 1125 4296 cumberland.
