3178 4992
250 642 341 684 uivere
350 639 369 682 1.

249 697 274 734 A.
281 695 307 733 D.
319 694 376 732 1296.

234 779 317 818 Letters
326 778 350 816 ot

235 829 376 867 snumlrrion.

394 450 461 514 112
769 462 979 511 canonicos

398 621 548 686 Edward
566 627 601 685 et
619 639 640 683 a
657 639 713 684 ses
732 619 857 697 heirez,
875 619 918 682 de
937 620 1002 697 vie,
1019 627 1054 683 et
1072 620 1114 683 de
1136 621 1298 696 membre,
1316 627 1350 683 et

397 721 439 784 de
461 720 585 783 terrien
606 720 752 794 honour,
769 726 889 782 contre
906 727 997 783 totez
1013 728 1113 800 gentz
1130 721 1189 801 qui
1205 728 1350 802 purront

397 820 513 883 vivere
544 839 590 883 ou
607 819 745 895 murire,
770 824 804 881 et
826 818 939 900 james
966 838 1032 900 pur
1057 819 1140 900 nuly
1168 839 1281 882 armez
1307 824 1349 881 ue

395 919 560 1000 porterai,
576 938 618 981 ne
634 937 676 980 en
692 916 821 981 conseil
834 936 877 979 ne
893 937 934 980 en
951 918 1037 994 eide,
1053 938 1096 981 ne
1111 919 1218 981 serroi
1231 924 1349 981 contre

396 1018 456 1090 lui,
481 1037 524 1080 ne
550 1023 711 1080 encontre
737 1035 794 1079 sez
820 1016 932 1079 beirez
956 1036 998 1080 en
1022 1017 1081 1081 nul
1105 1035 1164 1080 cas
1187 1016 1247 1098 qui
1269 1023 1350 1099 pcet

390 1117 527 1192 avenis,
551 1125 586 1180 et
616 1117 778 1179 lealment
809 1115 1020 1179 reconustrei
1043 1123 1079 1179 et
1100 1115 1265 1179 lealment
1286 1115 1349 1178 frei

396 1216 447 1278 les
459 1216 608 1279 services
621 1215 682 1297 qui
692 1221 893 1296 apertencnt
906 1233 945 1277 as
957 1221 1149 1278 tenementz
1159 1234 1226 1296 quc
1236 1219 1245 1248 ‘
1253 1212 1347 1297 jco’l

397 1314 517 1380 cleime
542 1314 632 1377 tenir
654 1313 696 1376 de
724 1332 820 1377 vous.
871 1312 908 1376 Si
936 1313 1027 1377 Dicu
1056 1333 1111 1377 me
1138 1314 1213 1377 eide
1241 1322 1275 1377 et
1297 1313 1348 1376 lez

398 1413 517 1476 seintz.
563 1413 616 1476 En
631 1412 912 1493 tesm'oignaunce
929 1412 992 1475 dez
1009 1412 1107 1494 quels
1123 1413 1246 1476 chosez
1262 1431 1349 1475 nous

397 1531 506 1576 avons
528 1511 578 1576 fet
598 1513 669 1576 fere
693 1518 805 1575 cestez
826 1510 948 1574 lettres
969 1519 1086 1575 overtz
1110 1510 1152 1574 de
1173 1531 1238 1574 noz
1259 1512 1350 1574 seals

309 1628 323 1667 5
399 1610 566 1674 ensealez.
612 1610 733 1674 Donez
754 1629 777 1673 a
800 1609 911 1673 Werk
933 1609 965 1673 le
982 1611 1125 1673 victime
1148 1611 1246 1692 quint
1266 1611 1349 1693 jour

236 2233 378 2273 Enectments

236 2284 261 2324 of
268 2283 327 2331 Klng

238 2333 329 2372 unvero
336 2332 370 2371 ior

237 2383 275 2421 the
283 2392 373 2430 govern-

237 2435 298 2471 ment
307 2432 330 2470 ot
336 2432 370 2470 bis

238 2492 285 2520 new
295 2481 356 2530 king-

238 2531 288 2569 dom
297 2531 322 2568 ot

237 2580 346 2622 scotland.

398 1710 441 1773 de
457 1711 590 1785 Marce,
604 1709 637 1772 le
658 1729 723 1772 ane
743 1708 790 1772 du
808 1729 914 1790 regne
937 1717 1054 1773 nostre
1075 1708 1237 1790 seignour
1252 1709 1284 1772 le
1300 1711 1350 1773 rei

398 1809 636 1891 d’Engleterre
652 1808 794 1872 vintime
810 1814 925 1891 quart.

585 2030 751 2096 Ordinatio
766 2031 860 2118 Rapis
874 2031 912 2095 de
926 2032 1031 2117 Reque
1045 2032 1163 2096 Scotiae.

451 2206 634 2270 Ordinavit
650 2207 758 2289 igitur
774 2226 838 2270 rex
855 2205 891 2269 in
908 2206 1028 2269 eodem
1043 2205 1270 2287 parliamento
1286 2223 1351 2268 suo

399 2307 443 2371 de
462 2304 633 2388 Berewyk
657 2325 785 2370 novum
808 2305 1063 2370 thesaurarium
1083 2305 1180 2385 regni
1198 2303 1351 2380 Scotiae,²

402 2426 529 2470 novum
552 2404 718 2486 sigillum,
733 2412 769 2468 et
787 2424 914 2469 novum
932 2403 1187 2468 cancellarium.
1239 2402 1262 2466 J
1265 2403 1351 2466 nsti-

399 2505 519 2568 tiarios
548 2523 686 2586 quoque
708 2503 899 2579 constitnit,
926 2511 960 2566 et
983 2504 1148 2584 praecepit
1170 2509 1215 2565 ut
1233 2519 1350 2566 omncs

401 2603 461 2685 qui
481 2610 590 2666 terras
614 2602 809 2685 aliquantas
830 2602 873 2664 de
895 2602 1047 2665 dominio
1070 2603 1162 2682 regis
1182 2607 1351 2678 tenerent,

400 2710 621 2778 vocarentur,
638 2701 906 2783 homagiumque
920 2699 1085 2778 facerent,
1098 2707 1133 2764 et
1146 2700 1264 2764 caeteri
1278 2719 1349 2762 om·

401 2820 461 2865 nes
481 2808 637 2864 tenentes
658 2800 796 2864 aliunde
818 2799 1020 2863 fidelitatem
1037 2799 1209 2883 jurarent,
1234 2818 1353 2878 recog-

402 2908 583 2966 noscentes
604 2919 642 2964 se
663 2919 727 2964 suo
750 2899 902 2963 dominio
920 2905 1051 2963 extunc
1068 2917 1144 2962 esse
1163 2897 1352 2980 subjectos

400 3007 436 3067 et
469 3000 534 3063 hoc
567 3018 630 3081 per
663 3000 794 3079 scripta
828 2998 1044 3078 singulorum
1077 2998 1113 3061 in
1148 3003 1349 3079 perpetuam

400 3100 499 3179 regni
529 3099 709 3181 conquesti
736 3097 948 3160 memoriam.
1000 3095 1200 3179 Statuitque
1226 3115 1290 3158 rex
1317 3104 1352 3159 et

400 3199 565 3279 praecepit
594 3205 633 3261 ut
660 3196 684 3260 J
687 3197 838 3260 ohannes
867 3196 1041 3276 quondam
1066 3215 1129 3258 rex
1155 3195 1291 3270 Scotiae,
1318 3201 1353 3258 et

401 3303 546 3377 uterque
576 3295 753 3360 lohannes
781 3294 927 3378 Comyn,
956 3295 1141 3375 caeterique
1172 3301 1352 3374 magnates

402 3403 503 3458 terrae
532 3394 625 3457 illius
651 3393 707 3456 vel
735 3394 770 3457 in
799 3413 863 3457 suo
892 3393 1015 3456 itinere
1041 3392 1096 3457 vel
1125 3393 1248 3456 faciem
1277 3393 1353 3475 ejus

402 3493 634 3574 praecederent
656 3491 700 3557 ad
725 3498 842 3572 partes
865 3493 1047 3568 australes,
1067 3498 1353 3573 morarenturque

402 3592 438 3652 in
453 3591 607 3672 partibus
622 3590 749 3653 eisdem
766 3590 858 3653 ultra
880 3609 1007 3672 aquam
1026 3610 1103 3672 quae
1119 3589 1251 3652 Trenta
1268 3588 1352 3652 dici-

404 3697 471 3762 tur,
490 3708 557 3752 non
578 3695 790 3776 revertentes
813 3690 877 3752 sub
899 3709 1003 3770 poena
1024 3689 1148 3770 capitis
1167 3707 1351 3771 quousque

401 3788 628 3870 interipsum
657 3795 692 3851 et
721 3807 837 3868 regem
873 3788 1029 3852 Franciae
1057 3788 1195 3851 omnino
1227 3807 1353 3869 guerra

438 4087 536 4153 ¹‘me,'
549 4091 606 4141 MS.
618 4091 686 4140 Cott.
697 4091 754 4140 Tib.
885 4089 1023 4148 appointed
1033 4093 1160 4137 treasnrer
1174 4102 1206 4136 on
1217 4086 1260 4134 the
1272 4085 1316 4134 oth
1327 4085 1357 4133 of

885 4157 1040 4218 September.
1057 4159 1117 4208 Rot.
1126 4158 1195 4207 Scot.
1204 4159 1236 4204 al
1246 4152 1320 4204 Edw.
1329 4156 1352 4204 Ι.

436 4231 446 4260 ⁸
463 4230 543 4292 Hugh
562 4231 594 4279 de
611 4229 790 4292 Cressingham
808 4241 863 4278 wne
884 4231 953 4277 md.
