3130 4992
424 481 594 529 wimeri
619 484 665 530 nn
688 483 970 532 nnnmcsnncn.
1141 469 1163 531 5

212 635 374 718 savitque
396 636 462 700 sibi
484 637 519 702 in
541 658 684 702 uxorem
702 640 809 703 filiam
836 639 1008 723 quondam
1030 640 1161 704 domini
1185 655 1311 747 {1132qu-

212 734 372 818 Symonis
388 737 431 801 de
448 737 661 816 Monteforti,
677 759 823 822 cumque
842 739 1027 803 duceretur
1044 740 1161 822 puella
1207 736 1213 747 ’
1243 735 1248 747 ’
1309 732 1316 744 ’

210 853 273 916 per
295 835 490 901 Emericum
513 839 654 901 fratrem
688 859 801 915 suum,
832 840 892 922 qui
924 839 1160 904 thesaurarius

211 935 326 998 fuerat
355 936 508 1002 Eborum
540 938 705 1015 ecclesiae,
732 941 826 1020 capti
857 945 939 1002 sunt
972 939 1007 1002 in
1031 941 1116 1004 mari
1139 959 1161 1003 a

212 1035 364 1116 quinque
392 1039 559 1118 portubus
586 1044 621 1102 et
648 1038 693 1101 ad
720 1057 838 1120 regem
863 1038 1073 1102 Edwardum
1100 1039 1161 1102 ad'·

212 1133 316 1198 ducti.
371 1135 451 1214 Quo
479 1137 610 1213 audito,
642 1138 760 1201 statim
793 1157 955 1218 guerram
986 1139 1094 1202 movit
1125 1139 1303 1200 inmewen

211 1233 343 1297 Wallia
362 1235 438 1316 ipse
465 1235 644 1312 Loulinus,
668 1237 855 1301 devastans
877 1236 994 1318 gladio
1021 1247 1056 1301 et
1078 1209 1236 1318 igne¹‘⁵⁰¹'

128 1402 130 1407 ,
210 1333 419 1398 succendens
445 1354 660 1416 quaecunque
680 1355 803 1400 manus
827 1337 937 1418 ipsius
962 1335 1161 1417 contingere

210 1437 398 1514 potuerunt
411 1453 428 1498 :·
443 1434 652 1516 divertitque
673 1455 736 1498 rex
758 1436 884 1498 ibidem
907 1454 986 1499 eum
1006 1437 1160 1500 exercitu

210 1533 363 1614 copioso,
387 1541 421 1598 et
444 1533 479 1596 in
502 1540 639 1598 tantum
654 1537 804 1600 arctavit
827 1554 905 1598 eum
928 1534 1020 1616 quod
1041 1535 1162 1617 pacem

211 1649 365 1712 quaerere
396 1635 603 1715 compulsus·
627 1641 699 1712 est;
728 1635 991 1717 composuitque
1013 1653 1092 1700 cum
1119 1653 1161 1698 eo

210 1750 337 1812 magna
367 1732 537 1815 pecunia·¹
562 1740 597 1798 et
630 1732 744 1798 soedus
775 1735 910 1816 pepigit
936 1734 1029 1816 quod
1055 1733 1163 1798 semel

212 1830 361 1910 singulis
392 1833 491 1895 annis
524 1834 568 1897 ad
602 1834 866 1914 parliamentum
896 1853 997 1897 suum
1030 1835 1164 1897 veniret

212 1928 401 1993 Londoniis
412 1929 436 2008 3²
458 1939 494 1994 et
508 1933 571 2007 sio,
584 1941 729 2014 accepta
745 1952 855 1995 uxore
870 1952 944 2014 sua,
960 1933 1101 1996 recessit
1120 1934 1164 1995 ab

212 2047 255 2090 eo
273 2047 336 2090 rex
350 2049 359 2108 ;
383 2048 462 2111 quae
478 2031 615 2111 quidem
632 2032 772 2094 uxorin
790 2051 881 2094 anno
901 2031 1059 2113 sequenti
1074 2051 1165 2096 mor-

214 2135 276 2190 tua
300 2136 373 2192 est:
403 2129 479 2210 ipss
505 2149 589 2194 vero
613 2130 781 2194 Leulinus
805 2131 841 2193 in
862 2130 981 2194 codem
1002 2149 1091 2194 anno
1112 2149 1166 2193 sc-

211 2227 346 2308 quenti‚
363 2227 398 2290 in
415 2227 505 2292 festo
524 2228 731 2293 Nativitatis
745 2229 948 2305 Dominicae,
966 2229 1164 2293 Londonias

213 2327 319 2404 venit,
343 2326 541 2408 homagium
561 2328 653 2404 fecit,
671 2337 710 2406 et
730 2347 889 2393 reversus
912 2335 976 2392 est.
1030 2325 1164 2393 Iterato

211 2425 300 2489 infra
316 2427 456 2489 tertium
473 2446 602 2490 annum
618 2427 662 2491 ad
677 2429 944 2510 parliamentum
959 2435 1107 2492 vocatus
1122 2435 1162 2492 ut

211 2525 356 2601 veniret,
384 2526 502 2590 venire
535 2528 745 2609 contempsit
773 2534 809 2591 et
841 2545 1000 2608 guerram
1031 2527 1159 2592 movit:

212 2623 304 2704 qnod
327 2625 470 2689 audiens
492 2636 555 2690 rex¹
571 2627 715 2691 divertit
734 2626 860 2690 ibidem
879 2633 914 2690 et
935 2628 1063 2690 iterato
1084 2645 1162 2691 eum

141 2763 145 2770 -
211 2725 418 2788 constrinxit
445 2732 486 2789 ut
508 2733 749 2809 componerem
778 2726 929 2809 dataque
949 2727 1095 2807 pecunia
1110 2726 1163 2789 di·

212 2823 306 2886 misit
323 2843 413 2900 enm,
432 2831 467 2888 et
484 2825 581 2889 abiit.
633 2824 737 2889 Anno
753 2825 894 2889 Domini
917 2823 1161 2890 mccnxxvm'.
1177 2847 1239 2908 an.
1250 2846 1307 2886 aa.

211 2921 246 2984 in
265 2923 436 3004 quindena
451 2923 570 2988 Sancti
585 2925 609 2988 J
612 2925 758 2988 ohannis
774 2925 947 3006 Baptistae
969 2925 1082 2988 tenuit
1100 2942 1163 2987 rex
1177 2898 1262 2997 fii‘i'i'

212 3021 478 3103 parliamentum
499 3042 599 3086 suum
618 3024 711 3105 apud
729 3023 996 3098 Glaucestriam,
1012 3022 1163 3104 fecitque

212 3127 348 3184 statuta
364 3141 443 3202 quae
463 3121 626 3184 dicuntur
643 3122 787 3186 Statuta
803 3119 1061 3197 Glonoestriae,³
1080 3140 1163 3183 con·
1179 3149 1329 3188 mesanum

212 3219 361 3283 tinentia
377 3236 439 3282 xv.
455 3220 628 3301 capitula;
654 3227 689 3284 et
711 3221 747 3283 in
770 3238 886 3283 mense
909 3218 1061 3300 Augusti
1083 3218 1164 3282 fecit
1178 3198 1274 3294 tilii?

210 3317 339 3381 ibidem
353 3338 417 3382 rex
430 3326 601 3383 statutum
613 3318 908 3397 QuoWarranto;
929 3325 964 3382 ot
975 3325 1163 3382 tractatum
1179 3297 1300 3388 32:330.

212 3425 267 3480 est
288 3417 331 3481 de
347 3425 486 3482 moneta
506 3426 647 3482 retonsa
667 3438 729 3500 per
750 3419 773 3482 J
777 3419 905 3494 udaeos,
922 3426 957 3482 et
973 3418 1067 3500 capti
1082 3425 1164 3482 sunt

246 3613 329 3665 ¹Viz.
350 3616 406 3678 fifty
428 3616 555 3665 thousand
576 3618 675 3679 pounds
736 3615 824 3667 ’This
848 3623 941 3668 statute
963 3633 1019 3668 was
1041 3619 1115 3681 given
1137 3625 1165 3668 at

211 3687 325 3748 sterling.
361 3687 409 3736 See
422 3686 465 3734 the
477 3687 638 3736 Ratification
650 3686 679 3735 os
700 3686 892 3737 Gloucestercn
903 3689 945 3737 the
956 3689 1007 3737 ind
1015 3689 1044 3737 oi
1051 3689 1163 3751 August.

209 3756 252 3805 the
271 3755 381 3805 Articles
401 3757 431 3804 os
447 3756 531 3805 Pesea
551 3757 586 3817 by
605 3757 676 3818 King
699 3757 800 3807 “Done
815 3772 832 3806 a
844 3757 994 3808 Gloucester
1007 3757 1032 3806 le
1048 3758 1164 3807 demaine

210 3825 333 3885 Edward‚
358 3825 436 3874 dated
464 3826 610 3875 November
635 3830 675 3888 10,
700 3827 834 3887 procheine
862 3841 937 3889 apres
964 3829 990 3877 la
1017 3828 1080 3876 leste
1109 3828 1165 3876 sein

210 3899 284 3956 latr,
295 3896 363 3957 who,
379 3895 506 3957 however,
522 3911 554 3944 on
571 3895 613 3944 the
629 3895 675 3944 iol·
701 3896 767 3946 Pere
787 3912 804 3945 a
818 3897 844 3945 la
860 3898 935 3960 gonle
946 3897 979 3945 de
995 3896 1090 3945 Aust.'’
1108 3897 1164 3945 Sta·

209 3964 305 4026 lovving
321 3965 372 4026 day
389 3965 487 4026 quitted
504 3965 545 4014 his
563 3965 675 4014 claimto
700 3970 768 4016 tutes
790 3967 819 4015 of
837 3967 880 4016 the
908 3967 1008 4028 Realm,
1031 3967 1050 4014 i.
1072 3969 1164 4013 ts-ra

209 4033 553 4095 thepaymentosthedcht,
573 4035 675 4098 Rymer,
699 4035 753 4084 The
776 4035 819 4085 old
841 4036 942 4096 printed
964 4035 1051 4095 copies
1072 4033 1101 4080 oi
1121 4034 1163 4084 the

211 4103 331 4163 Foedera,
342 4104 361 4154 i.
373 4107 431 4165 546,
442 4108 499 4154 siv.
700 4105 813 4153 Statutes
826 4105 889 4153 read
899 4105 916 4132 “
924 4105 949 4153 le
965 4105 1041 4165 quart
1053 4103 1114 4164 jour
1130 4103 1163 4154 de

244 4171 255 4200 ²
271 4173 333 4223 This
351 4175 374 4223 is
391 4178 434 4221 not
450 4173 624 4223 corroborated
641 4174 675 4235 by
701 4172 840 4223 October.''

209 4258 259 4304 any
270 4243 358 4294 article
370 4243 399 4292 oi
406 4242 448 4292 the
459 4247 550 4304 treaty.
