3178 4992
429 471 602 522 wlnrnru
627 472 673 518 nn
696 471 982 519 neuruouuucu.
1117 459 1182 522 109

227 638 291 708 est,
317 647 414 712 reges
437 629 619 693 Scotorum
645 629 804 692 solebant
828 626 911 710 poui
934 627 1012 693 loco
1034 647 1181 693 corone·
1207 644 1304 734 {²¹3⁸ss
1306 643 1331 732 91⁶·

228 732 332 795 tionis
353 750 439 805 suec,
460 735 495 792 et
517 729 581 792 hoc
604 729 796 808 insignum
823 728 921 809 regui
944 729 1125 812 conquesti
1147 734 1183 792 et
1228 723 1233 734 '
1264 723 1270 733 ’
1333 720 1338 731 ’

228 830 405 912 resignati.
443 827 641 909 Tenuitque
657 826 924 909 parliamentum
942 847 1043 891 suum
1061 827 1181 891 diebus
1195 848 1349 888 meseum

229 929 346 992 multis
368 928 461 1010 apud
485 925 656 1007 Berewyk
673 945 778 1008 super
798 925 976 1003 Twedam,
999 927 1058 990 ubi
1081 899 1302 990 vene-iillrii.

230 1035 310 1091 runt
328 1027 372 1090 ad
394 1046 473 1090 eum
496 1032 676 1106 magnates
699 1025 797 1106 regni
820 1024 947 1089 Scotiae
963 1033 998 1090 et
1017 1024 1182 1088 Galawa-

228 1127 309 1203 liae,
332 1133 367 1190 et
389 1125 519 1207 recepit
541 1124 704 1206 homagia
723 1130 759 1187 et
782 1123 969 1188 fidelitates
992 1145 1123 1201 corum,
1147 1132 1182 1188 et

228 1245 334 1308 super
362 1226 428 1289 hoc
452 1223 698 1288 conficiebatur
722 1223 890 1305 scriptum
914 1224 950 1287 in
978 1224 1053 1287 haec
1076 1225 1184 1288 verbe

228 1332 446 1408 conceptum.

562 1467 722 1552 Scriptum
736 1489 851 1532 eorum.

280 1615 325 1680 A¹
360 1623 440 1681 touz
472 1634 555 1680 oeus
589 1616 624 1698 qi
662 1622 773 1680 cestes
807 1615 928 1679 lettres
962 1623 1101 1681 verrunt
1135 1636 1180 1682 ou
1194 1623 1329 1715 {3213qu

228 1725 360 1793 orront,
383 1716 519 1780 Robert
542 1733 668 1798 evesqe
693 1715 735 1778 de
757 1713 901 1791 Glascu,
925 1715 1036 1778 Henri
1056 1736 1182 1799 evesqe
1332 1702 1338 1714 ’

229 1815 272 1878 de
290 1813 465 1893 Aberden‚
485 1814 640 1878 Thomas
667 1833 792 1897 evesqe
821 1813 864 1901 de
894 1812 1040 1878 Candidi
1065 1815 1182 1892 Case,²

230 1913 354 1982 saluz.³

282 2012 355 2076 Pur
376 2031 437 2076 ceo
459 2031 502 2093 qe
522 2031 610 2076 nous
631 2031 746 2078 sumes
765 2025 874 2076 veuuz
896 2031 918 2076 e
938 2012 974 2076 le
995 2012 1044 2076 foi
1065 2032 1084 2076 e
1105 2032 1124 2075 a
1146 2012 1182 2077 lu

229 2111 372 2178 volunte
385 2112 432 2175 du
447 2112 620 2175 tresuoble
634 2112 764 2193 prince,
781 2118 898 2175 nostre
912 2111 1006 2175 chier
1020 2113 1182 2193 seigneur

230 2213 297 2275 sire
315 2210 476 2284 Edward,
491 2229 556 2293 per
576 2211 612 2274 la
631 2229 737 2292 grece
759 2209 803 2273 de
826 2210 918 2274 Dieu
941 2211 993 2276 roi
1016 2211 1180 2292 d'Engle-

231 2317 332 2386 terre,
361 2311 523 2390 seigneur
554 2309 743 2386 d’Irlande,
770 2316 805 2372 et
831 2309 903 2372 duk
931 2309 1180 2392 d’Aquitaiue3

231 2429 318 2474 nous
344 2415 569 2492 promettoms
594 2428 660 2492 pur
681 2428 769 2473 nous
797 2429 816 2472 e
842 2428 908 2490 pur
935 2428 998 2474 nos
1023 2416 1181 2474 ‘succes-

230 2506 373 2586 soum?
383 2527 445 2571 sur
459 2509 559 2591 peine
573 2508 616 2571 de
632 2527 745 2590 corps,
758 2527 777 2570 e
789 2506 933 2585 devoir,
945 2515 981 2573 et
994 2527 1055 2574 sur
1070 2527 1181 2590 quau·

231 2628 274 2690 qe
299 2627 387 2670 nous
412 2626 560 2691 pussons
590 2626 750 2684 encoure,
773 2627 816 2689 qe
842 2626 931 2671 nous
954 2608 978 2671 li
1007 2609 1181 2672 servirons

229 2707 309 2770 bien
337 2727 356 2770 e
381 2705 557 2770 leaument
583 2712 702 2770 contro
732 2714 823 2770 tetes
852 2713 955 2788 gente
987 2707 1023 2788 qi
1054 2713 1182 2790 porunt

230 2807 327 2870 vivre
355 2825 375 2868 e
403 2806 520 2882 morir,
549 2811 641 2869 totes
669 2805 719 2868 les
751 2805 819 2868 foiz
850 2823 893 2886 qe
926 2825 1014 2869 nous
1043 2824 1181 2870 serrons

230 2905 346 2987 nequis
371 2923 417 2968 ou
437 2905 557 2986 garnie
584 2904 626 2967 de
649 2922 714 2987 par
735 2912 853 2968 nostro
879 2903 1041 2987 seigneur
1061 2904 1094 2967 le
1118 2923 1181 2988 roy

230 3003 470 3085 d'Engleterre
485 3003 644 3067 evantdit
658 3023 704 3067 ou
718 3022 783 3085 par
799 3022 855 3066 ses
870 3002 981 3068 heire:
1000 3023 1019 3066 e
1035 3022 1077 3084 qe
1093 3021 1180 3066 nous

230 3101 307 3166 leur
321 3103 469 3184 damage
490 3122 533 3166 ne
557 3121 723 3166 saverons
745 3122 788 3184 qe
815 3121 903 3166 nous
921 3102 977 3164 nel
1000 3101 1180 3166 desturbe·

229 3218 311 3266 rous
338 3221 360 3266 e
385 3208 440 3266 tut
470 3208 588 3266 nostre
613 3221 709 3284 poor,
739 3206 798 3265 ‘et
821 3201 854 3264 le
880 3200 956 3264 leur
982 3200 1134 3264 faceoms
1160 3217 1181 3263 a

228 3432 258 3480 of
271 3431 459 3494 inauguration.
494 3429 548 3479 Tne
565 3429 696 3492 following
757 3429 846 3477 ¹This
873 3428 1008 3477 document
1036 3429 1059 3477 is
1081 3429 1182 3490 printed

229 3502 330 3551 leonine
342 3514 428 3550 verses
440 3513 567 3562 engreveu
578 3500 686 3562 ouit‚-
721 3498 785 3548 from
804 3498 847 3547 the
869 3498 977 3560 original
998 3499 1133 3559 preserved
1156 3500 1182 3547 in

229 3586 246 3615 ‘⁸
258 3587 295 3636 Ni
304 3587 379 3636 fallat
395 3586 484 3647 fatum,
495 3585 564 3636 scoti
583 3598 697 3646 quom.
721 3567 763 3617 the
774 3568 902 3628 ‘l'reesury
915 3567 945 3617 of
958 3567 1001 3616 the
1012 3567 1093 3616 Oourt
1102 3568 1132 3617 of
1139 3568 1182 3617 tlte

296 3671 346 3716 que
356 3656 467 3704 locatum
721 3638 829 3698 Receipt
839 3637 868 3685 ol
876 3637 919 3686 the
931 3636 1092 3698 Exchequer.

255 3725 389 3774 Invenient
404 3724 526 3786 lapidem,
541 3737 646 3786 regnare
660 3726 697 3770 te·
756 3736 915 3788 ²wurnem
941 3753 970 3788 or
998 3739 1142 3800 whithorn‚
1166 3753 1182 3790 a

299 3799 391 3844 nentur
400 3793 556 3855 ibidem‚”-
720 3808 792 3869 royu
802 3808 1144 3870 boroughinwigtonsluse.

231 3895 274 3929 ure
293 3880 350 3929 said
367 3884 393 3928 to
410 3879 475 3928 heve
488 3879 553 3928 been
564 3877 606 3926 the
618 3890 695 3926 cause
755 3907 766 3938 2
781 3910 819 3958 ‘A
830 3915 889 3960 touz
900 3925 945 3959 m
959 3910 1003 3970 qui
1022 3913 1089 3958 cem
1108 3908 1182 3958 lettre

230 3949 315 3998 which
336 3949 469 4030 prqmpted
491 3948 562 4009 King
583 3946 695 3994 Edlmd
721 3985 821 4029 verrent
837 3983 975 4040 enarrent,
990 3983 1040 4026 etc.
1076 3977 1182 4039 Selutz,'

229 4024 256 4069 ῑθ
278 4018 354 4068 θῐᾱθῖ
375 4023 410 4072 Μ
430 4017 541 4067 oem⁰l⁸¹
563 4021 589 4064 ω
612 4015 696 4065 ww
720 4049 796 4098 MSS.
807 4049 837 4098 cl
845 4046 1050 4109 Hemingburgh.

229 4090 335 4138 minster
350 4089 451 4149 Abbey,
462 4092 488 4135 to
506 4086 566 4135 take
582 4099 657 4146 away
669 4089 696 4134 et

228 4159 295 4208 least
305 4173 352 4207 one
369 4158 462 4218 pledge
478 4156 507 4204 of
520 4155 562 4204 tlre
573 4154 695 4218 indepen-
754 4148 900 4211 “heira:
917 4147 993 4200 MSS.
1010 4149 1040 4196 of
1056 4147 1182 4210 Heming-

229 4228 309 4277 dence
319 4228 348 4276 of
355 4227 398 4276 the
409 4225 521 4276 Scottish
531 4224 627 4275 uetiou.
719 4220 809 4281 burgh.
