3138 4988
451 475 622 526 wsnrunr
647 477 694 526 on
718 476 1003 526 uuumcnuncu.
1133 463 1199 528 847

247 653 314 698 nus
331 633 374 698 de
397 634 564 716 Segrave,
581 632 780 698 Willelmus
794 632 1071 710 Filius-warini,
1092 633 1199 716 Regi-
1212 649 1362 744 nptgqaqp.

245 733 369 798 ualdus
397 733 440 797 de
466 733 636 809 Cobham,
654 733 835 798 Walterus
861 733 904 796 de
927 733 1097 817 Mannay,
1125 733 1199 797 Ro·
1215 726 1366 770 ’-“-’--
1462 805 1465 810 ,

245 835 365 896 bertus
379 833 422 896 de
436 832 616 908 Ferrariis,
630 830 810 896 Galfridns
823 831 866 896 de
881 831 1005 914 Scrop,
1019 832 1200 898 lohannes

246 931 289 995 de
318 929 473 1007 Norwic,
498 931 689 995 Nicholaus
720 931 763 994 de
792 930 992 1012 Cautilupo,
1020 931 1200 996 Johanues

248 1031 402 1114 MolynS,
426 1030 619 1096 Mauricius
642 1029 685 1093 de
703 1028 842 1106 Berkle,
858 1029 881 1092 J
884 1031 1038 1094 ohannes
1054 1030 1098 1094 de
1113 1030 1200 1094 Stri-

247 1131 364 1215 velyn,
383 1129 563 1193 lohannes
595 1128 638 1192 de
666 1128 909 1211 Mongomery.
971 1129 1016 1192 In
1049 1130 1202 1193 secunda

247 1249 330 1293 vero
355 1219 414 1292 ala
439 1229 596 1304 dextera,
614 1228 757 1292 comites
781 1228 824 1290 de
839 1227 960 1310 Derby
974 1235 1009 1292 et
1027 1227 1201 1306 Sothfolk,

248 1328 406 1392 dominus
423 1328 465 1392 de
474 1327 579 1409 Saye,
590 1335 626 1390 et
643 1325 701 1390 alii
717 1326 834 1408 plures
850 1327 992 1391 nobiles.
1039 1327 1083 1391 In
1098 1328 1202 1391 tertia

249 1427 305 1491 ala
323 1427 477 1503 sinistra,
495 1426 638 1490 comites
656 1425 929 1507 Northampton,
946 1425 1154 1503 Salesbiiiae,
1166 1434 1202 1490 et

250 1525 501 1601 Pembrochiae,
514 1533 560 1590 et
584 1525 701 1589 caeteri
715 1523 847 1588 nobiles
862 1525 974 1589 multi.
1031 1524 1075 1588 In
1089 1525 1202 1590 media

252 1643 334 1688 vero
350 1625 509 1689 custodia
525 1624 598 1687 sive
616 1623 690 1686 acie
706 1623 845 1687 fuerunt
865 1624 1018 1688 marchio
1035 1625 1078 1688 de
1096 1625 1202 1688 Bren-

150 1785 153 1788 ,
250 1724 455 1805 desburghe,
473 1723 559 1804 dux
593 1721 786 1798 Gelrensis,
817 1723 971 1787 marchio
1003 1723 1046 1786 de
1070 1723 1202 1799 Julers,

250 1842 366 1899 comes
384 1823 574 1897 Moncium,
585 1820 744 1884 domiuus
753 1820 776 1884 J
779 1821 932 1885 ohannes
946 1821 989 1884 de
999 1821 1202 1898 Baunonia,

249 1921 407 1985 dominus
427 1921 472 1984 de
487 1919 722 1995 Faucomond,
737 1920 1013 1984 constabularius
1031 1920 1202 1984 Selandiae

250 2028 286 2084 et
304 2020 504 2096 Holandiaa
522 2019 680 2082 dominus
696 2017 894 2083 Willalmus
911 2019 953 2082 de
972 2018 1105 2083 Ufford.
1158 2018 1202 2082 ln

253 2121 357 2183 tertia
387 2139 469 2183 vero
510 2117 605 2181 solus
639 2117 712 2180 dux
745 2116 946 2193 Brabantiae
978 2137 1054 2182 cum
1101 2125 1203 2198 gente
1258 2169 1261 2176 .

252 2237 342 2282 sua:
366 2218 438 2282 dux
457 2235 594 2299 quoque
618 2214 831 2290 Brabantiae,
849 2222 1034 2298 postquam
1063 2217 1202 2280 modum

255 2316 447 2398 Anglorum
471 2323 507 2380 et
530 2313 832 2379 ‘·ordinationem’¹
856 2334 974 2379 eorum
996 2317 1032 2378 in
1050 2316 1124 2380 acie
1139 2335 1204 2380 sna

252 2411 407 2492 vidisset,
437 2434 571 2479 necnon
601 2414 738 2477 vultum
762 2433 883 2477 eorum
916 2415 1090 2497 animique
1121 2435 1204 2480 con-

252 2516 431 2591 stantiam,
446 2521 483 2578 et
509 2513 601 2596 quod
625 2513 669 2576 ad
690 2507 915 2594 pugnandum
937 2513 1203 2595 ‘paratissimi'²

252 2623 361 2690 erant,
380 2615 482 2678 laetus
507 2613 551 2676 ad
579 2629 662 2676 suos
683 2629 875 2692 regressus,
892 2612 975 2677 fecit
996 2610 1204 2695 proclamari

254 2714 349 2795 quod
379 2713 576 2796 quicunque
615 2711 658 2774 de
699 2711 773 2774 suis
809 2711 1071 2795 amplitudinem
1102 2714 1204 2776 unius

252 2813 378 2894 palmae
406 2813 449 2875 de
476 2810 607 2875 vexillo
633 2809 725 2890 regis
758 2809 916 2874 Franciae
947 2811 1013 2874 sibi
1044 2812 1205 2889 deferret,

255 2910 347 2974 mille
382 2910 531 2973 florenos
564 2925 628 2990 pro
668 2926 732 2971 suo
767 2906 885 2972 labore
925 2910 991 2973 sibi
1020 2911 1204 2975 conferret.

254 3009 360 3073 Circa
376 3009 494 3072 horam
514 3023 568 3070 lx.
586 3025 664 3070 cum
691 3005 789 3068 miles
813 3007 999 3087 praedictus
1024 3009 1068 3071 ad
1088 3027 1205 3089 regem

258 3107 416 3174 Franciae
433 3105 598 3181 venisset,
623 3104 743 3168 retulit
765 3102 797 3166 ei
819 3106 992 3187 quomodo
1014 3115 1135 3189 captus
1161 3108 1205 3171 ad

144 3195 145 3198 ¹
254 3226 371 3287 regern
399 3204 538 3285 Angliae
568 3203 694 3266 ductus
722 3203 848 3278 fuerat,
877 3211 912 3268 et
941 3205 1007 3269 sibi
1035 3206 1143 3269 vitam
1171 3213 1207 3270 et
1272 3291 1273 3294 Ἴ

257 3307 410 3370 membra
425 3302 620 3369 contulerat
635 3303 699 3366 sub
724 3302 929 3379 conditione,
945 3313 980 3368 et
999 3314 1124 3368 cuncta
1145 3324 1207 3387 per

257 3406 423 3481 ordinem,
454 3404 546 3467 sicut
586 3399 752 3484 praedicta
781 3409 875 3478 sunt,
907 3401 1016 3467 eidem
1047 3411 1207 3485 patenter

257 3504 442 3568 enarravit.
508 3501 666 3583 Cumque
715 3501 868 3566 seriatim
912 3501 1040 3566 Gallici
1092 3504 1208 3566 omnia
1316 3579 1318 3583 Ι

257 3604 444 3678 audissent,
468 3610 504 3665 et
527 3600 620 3683 quod
641 3598 782 3682 Anglici
803 3602 950 3666 animosi
971 3609 1007 3666 et
1027 3603 1142 3684 parati
1162 3603 1207 3665 ad

258 3722 413 3785 pugnam
435 3701 560 3776 forent,
576 3699 849 3782 perpendissent,
865 3702 965 3784 quasi
988 3708 1102 3766 mente
1126 3720 1208 3765 con-

259 3802 406 3865 sternati
428 3801 592 3864 dixerunt
606 3800 697 3862 inter
713 3819 763 3876 se,
781 3805 803 3835 “
817 3800 1003 3864 Dementia
1017 3801 1138 3882 plenus
1156 3808 1211 3863 est

260 3920 324 3964 rex
340 3899 492 3980 Angliae,
504 3899 564 3981 qui
575 3905 703 3962 terram
716 3907 869 3962 nostram
880 3917 985 3962 ausus
999 3906 1052 3963 est
1066 3900 1210 3975 intrare,

295 4089 303 4121 ¹
321 4089 532 4151 ‘ordinationes'
559 4089 634 4139 MSS.
655 4089 721 4139 Cott.

262 4163 342 4226 Nero,
366 4163 402 4211 D.
431 4161 469 4222 ii,
495 4159 545 4208 and
569 4159 634 4210 Coll.
653 4159 723 4209 Trin.

263 4233 295 4283 R.
308 4237 386 4296 5,1o.

784 4124 794 4153 ²
809 4117 1212 4184 ‘potissimi‚'MSS.Cotl.Nero‚

749 4193 784 4242 D.
795 4192 834 4258 ii,
844 4192 895 4241 and
907 4191 973 4242 0011.
987 4193 1058 4243 Trin.
1070 4193 1102 4244 R.
1115 4197 1141 4244 ὅ.
1154 4196 1194 4244 10.
