3178 4992
429 485 601 532 unusual
627 485 678 530 nu
697 483 981 532 uunrnenmmn.
1111 468 1176 532 137

222 641 313 716 sitio,
346 640 498 704 dicentes
528 661 596 704 non
619 660 705 704 esse
734 660 895 706 securum
913 660 961 705 'se
993 640 1028 703 in
1056 647 1175 722 partes
1199 654 1293 744 {¹¹3⁸}ss
1295 655 1323 744 917·

223 738 386 803 dividere.
433 734 544 803 Erant
564 747 680 803 tamen
703 741 803 821 quasi
826 740 919 803 mille
939 745 1118 821 equestres
1140 731 1338 824 “W

226 839 482 920 quinquaginta
497 838 604 902 millia
622 838 775 920 peditum
790 840 1041 914 universorum,
1051 833 1284 940 praetersstfu·

225 937 391 1020 populum
416 956 518 1019 quem
544 937 701 1000 dominus
724 937 900 1002 Henricus
927 937 970 1001 de
1000 936 1113 1018 Perey
1135 935 1178 999 de

224 1036 446 1099 comitatibus
459 1035 602 1100 Carlioli
615 1041 650 1099 et
665 1035 878 1100 Lancastriae
890 1037 1177 1118 congregaverat)

226 1141 444 1198 numeratum
480 1133 525 1198 ad
555 1139 728 1197 trecentos
764 1135 899 1216 equites
919 1143 964 1198 et
1000 1133 1178 1214 octoginta

225 1232 503 1315 millia'peditum
521 1232 707 1296 electorum
720 1251 729 1310 ;
758 1233 909 1315 quicum
925 1239 1017 1295 esset
1030 1232 1065 1294 in
1081 1230 1176 1295 veui·¹

227 1331 315 1394 endo
343 1339 421 1394 cum
454 1331 504 1394 eis
534 1349 655 1394 versus
677 1329 865 1413 Stryvelyn
895 1330 1067 1394 modicum
1097 1337 1178 1405 ante

228 1430 358 1512 recepit
380 1430 416 1493 in
439 1429 612 1514 mandatis
631 1449 653 1492 a
672 1429 812 1493 domino
835 1428 989 1510 Hugone
1010 1427 1053 1491 de
1076 1426 1178 1491 Cres-

227 1529 411 1610 syngham,
428 1527 644 1592 thesaurario
663 1529 767 1610 regiS,
783 1534 824 1591 ut
843 1527 988 1591 eundem
1012 1525 1178 1608 populum

226 1645 304 1690 cum
327 1627 516 1708 gratiarum
540 1627 677 1691 actione
699 1627 903 1704 remitteret,
928 1627 1045 1712 dicens
1076 1627 1176 1687 exer·

227 1725 332 1790 citum
356 1745 458 1807 quem
478 1725 652 1789 habebant
676 1723 831 1790 sufficere
850 1743 966 1807 posse,
984 1743 1048 1787 nec
1071 1742 1177 1806 expe·

227 1824 300 1887 dire
328 1825 422 1906 ipsos
446 1821 575 1888 vexare
603 1824 639 1886 in
667 1842 792 1887 vanum
815 1825 871 1888 vei
898 1821 989 1904 regis
1015 1821 1176 1886 aerarium

227 1942 428 1986 consumere
443 1923 626 2004 plusquam
643 1941 783 1986 necesse
798 1928 885 1986 erat.
933 1922 1099 2002 Fecitque
1114 1920 1176 1996 sic,

217 2029 264 2084 et
292 2022 495 2102 indignatus
522 2030 585 2086 est
620 2022 768 2103 populus
797 2020 912 2097 valde,
941 2020 1062 2084 volens
1098 2037 1178 2081 eum

226 2120 327 2202 quasi
344 2120 508 2202 lapidare.
546 2119 679 2184 'Variis
698 2121 816 2202 itaque
832 2119 931 2183 varia
946 2117 1178 2194 censentibus,

227 2219 491 2283 conclamabant
505 2219 651 2302 quidam·
665 2226 705 2283 ut
725 2225 866 2301 pontem
883 2217 1177 2293 tranacendereut‚

229 2317 288 2381 alii
304 2337 323 2382 e
338 2337 504 2382 converso
520 2337 601 2382 non.
654 2317 752 2382 Inter
770 2335 862 2399 vquos
884 2316 1013 2400 adjecit
1026 2315 1085 2378 ille
1101 2312 1177 2379 the-

229 2417 405 2482 saurarius
422 2418 528 2498 regis·
540 2417 642 2480 homo
661 2417 798 2499 quidem
821 2433 1008 2499 pomposus
1027 2421 1064 2477 et
1085 2412 1177 2476 filius

228 2517 359 2593 mertiS,
371 2521 394 2550 “
402 2513 484 2581 Nen
494 2516 647 2599 expedit,
659 2515 796 2580 domine
806 2533 931 2590 comes,
943 2513 1087 2576 ulterius
1095 2531 1177 2594 pro-

229 2612 338 2678 talare
366 2612 556 2696 negotium
582 2621 618 2677 et
649 2613 849 2678 thesaurum
862 2613 866 2622 ’
881 2613 973 2694 regis
1002 2611 1111 2676 nostri
1139 2611 1175 2674 in

229 2731 355 2776 vanum
379 2714 584 2796 expendere,
609 2711 670 2776 sed
695 2713 919 2777 ascendamus
948 2718 984 2774 et
1009 2710 1177 2774 faciamus

229 2811 382 2876 debitum
407 2819 563 2876 nostrum
588 2818 628 2874 ut
650 2818 807 2875 tenemur
837 2809 1004 2875 astricti.'’
1056 2809 1177 2872 Motus

228 2911 348 2993 itaque
366 2930 481 2974 comes
499 2911 535 2973 in
556 2909 669 2973 verbis
687 2911 777 2987 istis,
793 2909 958 2992 praecepit
977 2916 1014 2970 ut
1035 2914 1177 2986 pontem

230 3010 456 3072 ascenderent
471 3018 480 3047 ‘
493 3007 565 3070 et’¹
590 3008 787 3071 transirent.
834 3007 963 3070 Mirum
986 3005 1094 3080 dictu,
1117 3005 1177 3066 sed

231 3107 384 3170 terribile
399 3107 482 3188 qnid
496 3107 531 3168 in
548 3114 686 3181 eventu,
704 3105 794 3187 quod
811 3110 864 3168 tot
886 3110 921 3167 et
935 3103 1025 3166 tanti
1039 3101 1178 3164 discreti

230 3206 309 3282 viri,
337 3205 418 3267 dum
448 3205 577 3268 scirent
607 3203 725 3267 hostes
757 3204 793 3266 in
819 3209 992 3284 promptu,
1021 3200 1179 3266 strictum

229 3312 370 3387 pontem
394 3303 620 3375 ascenderent
642 3303 746 3384 quem
767 3302 838 3365 bini
861 3303 1040 3383 equestres
1059 3299 1120 3362 vix
1145 3305 1182 3361 et

231 3424 308 3467 eum
324 3401 535 3466 difficultate
548 3400 652 3464 simul
670 3401 817 3465 transire
832 3404 1029 3482 potuerunt.
1082 3396 1179 3475 Quo·

231 3503 336 3579 niam,
353 3510 392 3566 nt
409 3502 570 3566 dicebant
590 3499 730 3582 qnidam
746 3500 806 3581 qui
828 3499 862 3561 in
881 3498 1000 3562 eodem
1016 3496 1181 3560 conflictu

232 3601 381 3678 fuerant,
396 3602 426 3664 si
442 3601 612 3664 asumma
627 3617 728 3662 mane
744 3617 854 3680 usque
872 3598 915 3660 ad
935 3597 1056 3660 horam
1073 3595 1180 3658 unde·

232 3696 360 3763 cimam
391 3702 522 3781 absque
552 3698 626 3760 ulla
663 3697 912 3780 interruptione
948 3694 1004 3759 vel
1037 3693 1182 3776 impedi-

233 3804 348 3862 mento
369 3799 585 3872 transissent,
601 3796 712 3859 adhue
735 3805 891 3861 extrema
911 3813 992 3877 pars
1008 3793 1182 3856 exercitus

234 3897 269 3959 in
295 3904 394 3980 parte
423 3915 551 3977 magna
583 3895 826 3972 remansisset3
866 3913 930 3957 nee
966 3891 1033 3954 fnit
1067 3890 1183 3970 aptior

233 3995 330 4058 locus
347 3996 381 4058 in
399 4015 507 4076 ragno
524 3994 650 4056 Scotiae
666 3992 708 4056 ad
726 3989 999 4056 concludendum
1016 3986 1183 4068 Anglicos

433 4215 440 4245 ¹
459 4217 522 4280 ‘ub'
534 4217 610 4266 MSS.
621 4215 687 4266 0011.
700 4215 772 4284 Arm.
785 4211 835 4261 and
848 4209 914 4260 Con.
926 4209 982 4257 Tib.
