3126 4986
242 643 332 682 Rdvud
341 643 360 682 1.

240 695 267 733 A.
274 693 301 732 1).
312 695 370 732 1293.

228 3334 287 3376 mn.
298 3336 357 3374 1294.

228 3401 278 3440 wer
286 3401 309 3440 ln

228 3452 332 3500 Gsseony.

389 455 435 518 46
611 509 613 512 .
763 465 973 516 cunourcou

390 647 468 690 cum
501 643 708 690 neccarum
738 624 1033 706 consanguineum
1063 631 1231 702 vestrum,
1254 623 1346 687 sicut

391 727 559 791 hactenus
591 727 740 790 scribere
772 733 807 790 et
836 726 951 789 facere
983 725 1223 801 consuevistis,
1253 724 1346 787 unde

390 833 555 892 causatur
569 847 614 890 ex
630 826 707 903 hoc,
729 833 765 890 et
781 845 826 890 ex
842 823 959 889 multis
976 824 1186 909 conjecturis
1208 824 1345 905 accepit

391 933 427 990 et
453 927 573 1003 credit,
590 925 683 1007 quod
706 945 769 991 vos
792 945 883 1002 eum,
900 932 941 989 nt
963 927 1072 1006 prius,
1099 931 1252 988 vestrum
1275 942 1345 986 non

390 1027 517 1091 tenetis
542 1027 711 1090 amicum:
735 1033 878 1108 propter
903 1025 996 1107 quod
1024 1024 1215 1089 certissime
1243 1024 1345 1087 vobis

391 1126 534 1190 mandat
550 1134 587 1189 ut
604 1126 695 1191 sicut
708 1145 787 1189 eum
809 1123 948 1188 creditis
966 1132 1002 1189 et
1024 1124 1148 1188 tenetis
1170 1129 1257 1206 puta
1274 1141 1344 1187 non

392 1227 552 1301 amicum,
567 1225 618 1288 sic
632 1233 669 1290 et
681 1225 758 1307 ipse
766 1227 830 1288 'vos
845 1231 984 1306 reputat
1000 1231 1035 1288 et
1052 1223 1223 1288 consimili
1236 1221 1342 1286 modo

391 1333 500 1402 tenet,
515 1333 549 1388 et
574 1326 664 1388 sicut
687 1324 723 1387 in
739 1325 838 1389 vobis
857 1323 988 1388 nullam
1010 1323 1114 1386 habet
1133 1323 1235 1387 modo
1256 1321 1344 1384 fidu-

391 1425 492 1501 ciam,
508 1425 559 1487 sic
581 1440 644 1487 nec
666 1426 900 1506 inposterum
923 1422 1051 1487 habere
1073 1423 1221 1505 potestis
1239 1421 1345 1485 ullam

390 1524 426 1586 in
447 1543 488 1588 eo
505 1523 665 1588 fiduciam
682 1525 757 1588 sive
775 1523 876 1586 fidem
891 1523 924 1602 ;''
948 1522 1236 1606 adjeceruntque:
1262 1527 1284 1556 “
1297 1522 1345 1586 Et

391 1624 474 1705 quia
495 1624 530 1687 in
551 1632 644 1687 terra
659 1630 787 1700 vestra,
811 1623 846 1686 in
870 1623 947 1704 ipso
967 1623 1093 1686 ‘itinere
1116 1620 1272 1686 veniendi
1297 1621 1343 1684 ad

389 1742 466 1800 vos,
482 1723 576 1805 capti
598 1723 736 1800 luimus,
751 1722 889 1798 retenti,
907 1729 942 1786 et
965 1742 1027 1804 per
1040 1729 1191 1804 quatuor
1207 1720 1302 1784 ‘dies
1315 1719 1345 1754 '¹

391 1830 427 1887 et
448 1823 625 1887 dimidium
649 1824 750 1906 quasi
775 1823 994 1900 incarcerati,
1017 1823 1166 1904 petimus
1185 1828 1220 1885 et
1242 1821 1343 1884 obse-

391 1943 528 1987 cramus
550 1930 682 1988 statum
705 1923 908 1986 nunciorum
933 1923 1033 1986 nobis
1054 1921 1212 1986 tribulet
1232 1921 1342 2003 privi-

391 2022 519 2105 legium
536 2023 663 2088 darit'?
683 2023 879 2104 Statimque
902 2041 1021 2086 eorum
1036 2021 1130 2086 dicto
1145 2027 1289 2102 accepto
1307 2027 1342 2084 et

391 2123 576 2200 retificem,
596 2123 773 2206 respondit
788 2142 833 2186 ex
856 2129 957 2204 parte
978 2122 1071 2204 regis
1088 2140 1179 2184 unus
1196 2139 1342 2200 magna-

392 2231 467 2286 tum
490 2223 568 2306 ejus
594 2222 685 2306 quod
712 2223 774 2285 illa
800 2223 929 2303 captio,
954 2221 1117 2298 detentio,
1143 2241 1205 2284 seu
1230 2221 1343 2284 incar-

392 2323 521 2386 ceratio
543 2341 588 2384 ex
611 2326 787 2403 praecepto
809 2321 903 2402 regis
921 2322 977 2385 vel
998 2322 1144 2385 scientia
1167 2340 1235 2383 non
1260 2340 1341 2402 prc-

392 2421 507 2497 cessit,
546 2421 734 2503 quinimmo
771 2421 918 2485 multum
956 2421 1143 2504 displicuit,
1181 2420 1342 2484 emendas

391 2519 559 2596 offerens,
573 2540 682 2604 equos
710 2528 745 2585 et
775 2539 958 2604 expensas,
987 2529 1023 2586 et
1047 2529 1174 2585 caetera
1195 2539 1342 2603 quaeque

392 2621 596 2697 necessaria,
612 2640 739 2702 rogans
760 2629 801 2686 ut
816 2621 935 2685 oblata
954 2622 1147 2704 reciperent
1164 2640 1228 2702 pro
1242 2620 1342 2685 libito

391 2719 583 2785 voluntatis
599 2739 683 2786 suaet
722 2722 886 2803 Dathue
901 2741 987 2784 sano
1003 2729 1038 2785 et
1053 2721 1151 2785 salvo
1168 2719 1342 2784 conductu

391 2820 571 2884 confestim
586 2820 630 2884 ad
639 2822 787 2903 ,propria
800 2821 931 2886 reversi
944 2829 1039 2898 sunt,
1051 2822 1126 2904 regi
1137 2821 1341 2885 nunciantes

393 2920 469 2984 visa
485 2928 522 2985 et
536 2921 666 2988 audita.

540 3145 636 3214 Muta
650 3145 719 3208 Rau
732 3144 915 3210 Euereitum
930 3145 965 3210 iu
989 3145 1185 3210 Verconium.

443 3317 524 3381 Hiis
540 3318 669 3382 auditis
684 3339 767 3382 mox
786 3321 862 3401 ipse
880 3340 944 3384 rex
963 3320 1172 3402 quingentos
1189 3327 1342 3386 armatos

391 3423 426 3479 et
443 3417 568 3496 viginti
582 3417 691 3480 millia
705 3419 857 3500 peditum
872 3421 965 3484 misit
982 3421 1018 3483 in
1035 3420 1245 3484 Vascouiam
1262 3441 1340 3484 cum

314 3578 316 3582 ,
390 3515 528 3578 domino
545 3516 568 3580 J
571 3515 705 3580 channe
721 3517 764 3581 de
780 3518 908 3584 Sancto
924 3519 947 3585 J
949 3520 1099 3597 ohanne,
1110 3522 1170 3603 qui
1187 3519 1342 3603 ejusdem

390 3621 492 3678 terrae
508 3615 590 3678 olim
612 3616 824 3681 senescallus
847 3620 1025 3698 extiterat,
1046 3627 1081 3684 et
1103 3639 1180 3684 cum
1204 3620 1343 3685 domino

390 3712 550 3778 Iohanne
565 3715 608 3778 de
626 3717 818 3795 Britannia,
835 3727 869 3784 et
891 3721 952 3784 illo
974 3721 1083 3785 milite
1106 3721 1345 3784 strenuissimo

391 3813 591 3879 ‘Willclmo
622 3815 843 3900 Latymer;'²
872 3822 932 3902 qui
961 3821 1053 3903 apud
1071 3819 1344 3885 ‘Portesmew'³

390 3916 558 3980 omnibus*
587 3917 631 3980 ad
666 3919 919 4000 expeditionem
964 3928 1099 3985 tantam
1137 3921 1342 3984 necessariis

426 4112 435 4144 ¹
452 4114 565 4176 ‘annea'
577 4115 635 4163 Ms„
647 4113 742 4164 Lansd.
767 4142 770 4151 ι

425 4181 586 4233 '‘Willelmo
598 4185 630 4234 de
642 4181 770 4248 Latimer,’
777 4183 854 4234 MSS.

390 4253 485 4303 Lansd.
497 4255 547 4302 and
560 4254 625 4304 (loll.
637 4255 706 4305 Trio.

878 4146 927 4268 T'd
941 4148 1139 4212 ‘Portesmuth,’
1179 4149 1236 4198 MS.
1277 4148 1343 4198 Gott.

900 4234 909 4267 1
929 4255 935 4270 .
