3166 4992
441 485 612 538 wunrnar
637 487 684 534 nn
707 485 990 534 unurnouunurr.
1121 469 1192 535 253-

137 726 139 729 ,
237 643 353 709 biliter
381 642 765 714 excommunicaverunt
790 642 967 708 dominum
995 642 1187 708 Robertnm
1214 663 1338 704 navari.

239 741 282 806 de
299 744 390 807 Brus
411 764 490 808 curn
513 745 706 808 fautoribus
726 745 810 821 suis,
829 751 994 826 tanquam
1016 743 1188 807 hominem
1202 715 1339 844 &¹³⁰²

240 842 416 926 perjurum
446 851 482 907 et
507 846 783 926 perturbatorem
809 843 975 926 injustum
998 845 1189 913 communis
1202 855 1352 944 {2¹5ng

240 943 336 1022 pacis
362 951 397 1006 et
424 937 573 1025 quietis.¹
620 943 785 1027 Sequenti
813 963 894 1006 vero
916 942 971 1006 die
999 941 1091 1007 facto
1117 963 1190 1007 ser·
1201 955 1270 995 ested-

242 1060 343 1106 moue
354 1062 377 1107 a
390 1042 530 1106 domino
542 1043 800 1125 archiepiscopo
813 1043 977 1119 Eborum,
988 1061 1189 1125 responsum
1203 1067 1353 1119 sogoranam

242 1149 296 1205 est
327 1141 495 1206 cardinali
523 1143 560 1206 in
589 1143 735 1208 ecclesia
765 1143 1007 1207 canonicorum
1035 1121 1314 1221 Carlioli,‘⁰¹¹'⁰⁸⁰⁰‘

242 1249 412 1322 praesente
423 1240 561 1306 domino
576 1262 658 1324 rege
674 1250 710 1306 et
725 1261 929 1324 responsum
939 1239 1192 1320 authorizante‚

242 1340 333 1420 quod
350 1349 493 1422 paratus
512 1350 586 1405 erat
604 1343 761 1406 dominus
779 1361 841 1404 rex
857 1361 902 1404 ex
919 1347 1019 1423 parte
1034 1359 1099 1404 sua
1113 1361 1191 1422 per-

243 1439 343 1503 ficere
353 1460 489 1505 omnem
497 1441 592 1506 illam
602 1441 864 1530 ordinationem,
875 1460 979 1523 quam
991 1439 1121 1505 fecerat
1133 1441 1192 1505 ille

243 1539 353 1602 bonus
365 1548 485 1622 pastor
494 1549 593 1621 pater
602 1549 637 1605 et
646 1560 738 1623 papa
750 1540 950 1604 Bonifacius
961 1561 970 1620 3
983 1540 1065 1603 dum
1075 1547 1192 1604 tamen

244 1637 402 1702 domiuus
426 1660 488 1704 rex
514 1640 671 1704 Franciee
695 1647 861 1722 exparte
890 1659 955 1704 sua
973 1639 1068 1703 illam
1085 1640 1192 1704 vellet

243 1737 401 1802 similiter
415 1739 596 1822 complere.
649 1740 696 1803 Et
713 1740 761 1803 ait
777 1739 973 1814 cardinalis
989 1739 1081 1821 quod
1106 1740 1193 1802 bene

246 1838 352 1901 vellet
379 1845 414 1902 et
437 1833 549 1920 plene.
602 1839 648 1903 Et
670 1837 759 1902 dixit
787 1858 861 1914 rex,
888 1837 1087 1901 “Nondum
1110 1838 1194 1901 mihi

244 1936 345 2019 plene
373 1939 524 2002 restituit
547 1945 675 2002 terram
692 1937 904 2014 Wasconiae,
927 1943 1031 2019 prout
1055 1936 1196 2000 ordina-

244 2043 344 2100 verat
361 2056 454 2120 papa
468 2037 676 2118 praedictus3
695 2036 818 2101 defecit
834 2037 922 2100 enim
941 2035 1023 2098 mihi
1039 2045 1191 2100 castrum

245 2134 288 2198 de
321 2135 510 2221 Mawlyon,
541 2136 576 2199 id
608 2144 661 2200 est
689 2136 732 2200 de
762 2135 989 2211 Malo-leone,
1016 2135 1109 2217 quod
1140 2142 1193 2199 est

247 2242 400 2298 castrum
438 2236 664 2300 fortissimum
696 2243 732 2300 et
768 2235 867 2317 quasi
900 2234 1192 2316 inexpugnabile:

247 2333 370 2399 reddat
386 2335 484 2412 illud,
500 2343 535 2399 et
552 2337 667 2399 omnia
683 2333 893 2417 perficiam.”
946 2333 992 2398 Et
1008 2333 1193 2397 cardinalis

248 2433 402 2499 adhaec:
426 2436 609 2500 “Domine
627 2435 684 2508 mi,
697 2435 771 2518 jam
786 2434 822 2497 in
839 2433 966 2498 seisina
981 2432 1074 2496 illius
1089 2433 1195 2496 castri

248 2540 302 2597 est
317 2534 476 2598 dominus
498 2553 561 2597 rex
580 2533 759 2598 Franciae:
792 2533 960 2598 satisfecit
981 2532 1073 2595 enim
1095 2532 1196 2596 militi

248 2634 308 2713 qui
337 2633 423 2697 illud
453 2640 622 2710 tenuerat,
642 2653 705 2717 pro
731 2653 859 2714 magna
881 2651 1017 2695 summa
1040 2631 1195 2713 pecuniae
1284 2669 1286 2676 ι

242 2731 320 2814 jam
335 2733 462 2810 soluta,
476 2742 511 2798 et
530 2740 673 2815 paratus
698 2740 751 2797 cst
767 2732 854 2796 illud
875 2732 974 2796 vobis
996 2730 1138 2794 reddere
1159 2731 1195 2793 in

248 2832 380 2895 brevi.''
433 2832 478 2896 Et
500 2833 550 2896 ait
574 2852 649 2910 rex,
665 2831 872 2896 “Volumus
887 2830 1076 2894 deliberare
1093 2849 1197 2912 super

249 2929 315 2994 hoo
338 2931 605 3013 permodicum.”
659 2930 911 3013 Ordinavitqoe
934 2929 1093 2992 dominus
1122 2948 1197 3005 rex,

250 3029 342 3111 quod
368 3029 475 3113 juxta
503 3049 580 3096 eum
612 3037 766 3094 maneret
796 3028 993 3104 cardinalis,
1019 3045 1197 3109 quousque

252 3129 366 3192 missis
379 3129 513 3193 nunciis
527 3129 711 3213 peripsum
727 3126 933 3192 cardinalem
950 3125 1198 3190 certificaretur

250 3227 408 3292 dominus
444 3249 505 3292 rex
544 3228 587 3292 de
616 3230 693 3311 ipso
734 3233 860 3293 castro.
914 3226 1114 3307 Mansitque
1151 3225 1198 3289 ibi
1230 3247 1232 3250 ·

250 3327 385 3394 duobus
432 3328 618 3404 mensibus,
670 3335 705 3392 et
751 3327 941 3391 honoratus
989 3331 1042 3389 est
1079 3324 1199 3389 valde:

250 3447 399 3510 cumque
442 3429 633 3510 accepisset
668 3446 871 3509 responsum
911 3425 1003 3508 quod
1041 3424 1199 3487 dominus

251 3526 344 3600 illius
371 3529 477 3592 castri
504 3529 616 3592 noluit
646 3527 731 3592 illud
757 3526 899 3590 reddere
925 3526 997 3606 regi
1030 3523 1199 3600 Franciae,

251 3628 503 3693 verecundatus
521 3637 574 3696 est
595 3629 632 3691 in
647 3645 804 3691 sermone
821 3625 992 3708 promissi,
1008 3631 1043 3688 et
1058 3631 1202 3707 accepta

289 3911 296 3942 ¹
313 3915 367 3964 The
379 3919 495 3964 sentence
507 3915 536 3963 of
543 3914 714 3962 excommuni-
741 3911 836 3973 Bishop
848 3911 877 3959 of
885 3910 1004 3970 Garlisle,
1015 3923 1048 3958 on
1059 3911 1166 3956 account
1176 3907 1206 3954 of

251 3986 336 4034 cation
347 3984 508 4047 pronounoed
519 3984 619 4045 against
630 3983 714 4032 Bruce
739 3981 782 4030 the
800 3981 921 4029 violation
938 3980 967 4028 os
980 3979 1022 4026 the
1039 3977 1162 4038 privilege
1177 3977 1206 4024 os

254 4071 308 4104 was
330 4055 358 4103 in
378 4054 517 4103 obedience
535 4057 561 4100 to
583 4067 600 4101 a
616 4053 672 4101 bull
690 4052 719 4100 of
741 4054 877 4111 sanctuary
895 4051 928 4110 by
942 4048 984 4096 the
1000 4047 1103 4095 murder
1110 4046 1139 4094 of
1154 4045 1203 4094 Co·

254 4125 327 4186 Pope
339 4123 463 4184 clement,
477 4123 582 4185 beadng
597 4122 656 4170 date
673 4121 716 4170 the
742 4135 801 4181 myn
820 4120 848 4166 in
867 4119 910 4167 the
931 4116 1025 4166 choreb
1042 4116 1071 4165 of
1089 4115 1132 4164 tho
1154 4116 1203 4163 Mi-

254 4196 313 4246 18th
323 4194 352 4244 of
356 4195 507 4255 May,1soa,
514 4192 565 4241 and
572 4191 685 4240 directed
692 4196 717 4239 to
743 4190 845 4239 acrites.
875 4189 978 4250 ayma,
990 4186 1107 4248 Foedera,
1118 4186 1135 4234 i.
1147 4189 1205 4235 987.

253 4265 296 4315 the
308 4263 470 4324 Arcbbishop
483 4264 512 4311 os
525 4261 595 4312 Yorlr
608 4262 659 4310 and
675 4260 717 4310 the
