3138 4988
402 467 469 531 316
774 479 983 528 ennonrcon

241 660 332 700 mvsa
349 659 392 699 m.
404 637 542 723 posuit¹
563 645 685 703 contra
695 657 812 720 regem
825 636 1004 712 Franciae3
1024 634 1240 717 transitoque
1255 655 1355 718 pros-

245 711 485 823 ωροτε
501 743 607 815 mare,
624 737 718 820 apud
729 738 919 818 Antwerpe
932 755 1064 800 moram
1080 736 1201 813 traxit,
1217 735 1353 800 habito-

241 857 350 956 {iifoi'
405 859 473 923 que
496 838 603 921 juxta
627 837 809 902 Coloniam
831 856 909 900 cum
929 835 1108 898 Ludovico
1129 833 1171 898 de
1191 835 1354 911 Bavaria,

243 959 350 1004 armar
403 957 548 1019 regnum
573 936 772 1001 Almanniae
801 937 881 1000 tunc
906 938 1108 1017 occupante,
1135 935 1289 1010 consilio,
1310 934 1354 996 de

242 1006 392 1096 iiiiii-'¹¹¹²
405 1044 477 1102 toto
493 1037 636 1120 imperio
654 1037 743 1101 citra
765 1035 944 1100 Coloniam
968 1034 1044 1117 ejus
1069 1034 1219 1097 vicarius
1239 1034 1353 1098 faetus

243 1107 341 1146 ⁶⁰⁰³*
404 1143 468 1212 est,
489 1145 525 1202 et
539 1136 697 1201 omnibus
712 1135 893 1218 imperium
911 1134 1133 1216 tangentibus
1149 1133 1258 1198 ricem
1276 1133 1353 1216 ¹ejus

404 1255 538 1317 gerens.
617 1245 619 1252 ’

439 1465 580 1544 Qualiter
594 1462 774 1529 Edwards
789 1462 915 1548 scripsit
931 1464 1032 1548 Papo
1046 1471 1074 1528 et
1091 1461 1322 1528 Ourch'ool'bus.

257 1653 384 1692 arr-¹³³⁹·
416 1684 418 1688 -
456 1634 667 1700 Amabilium
680 1636 756 1700 Deo
773 1643 911 1718 patrum
937 1645 1167 1702 sacrosanctae
1185 1637 1355 1700 Romanae

244 1718 354 1816 {iffi
405 1735 559 1798 ecclesiae
576 1735 801 1800 cardinalium
825 1736 971 1818 collegio
990 1737 1195 1813 venerando,
1211 1737 1354 1800 Edwar-

244 1818 378 1914 'iiiiii‘
405 1835 482 1912 dus,
499 1835 567 1899 Dei
593 1836 718 1916 gratia,
733 1855 795 1899 rex
811 1833 964 1917 Angliae,
979 1835 1138 1900 dominus
1161 1831 1354 1912 Hiberniae,

243 1917 385 2016 iiiiii,
406 1931 442 1997 et
473 1932 545 1997 dux
574 1935 787 2016 Aquitaniae,
821 1935 969 1998 salutem
1010 1944 1045 1999 et
1077 1937 1217 1999 sincerae
1249 1935 1355 1998 dilec-

243 2016 396 2107 iiiiiiissfl,
406 2034 511 2096 tionis
526 2033 697 2097 affectum.
731 2033 956 2097 Sanctissimo
968 2031 1058 2116 patri
1071 2035 1210 2113 domino
1221 2053 1356 2097 summo

246 2117 333 2156 im·
406 2132 574 2214 pontifici,
594 2141 674 2214 post
700 2133 817 2197 debita
845 2134 1045 2197 reverentiae
1074 2131 1226 2210 munera,
1247 2135 1355 2214 scrip-

404 2231 643 2295 simusinhaeo
654 2232 885 2296 verbaz-Jus
897 2239 1030 2296 naturae
1039 2233 1218 2315 praevium,
1227 2233 1359 2314 pariter

405 2331 569 2394 animalia
585 2338 711 2394 cuncta
727 2331 865 2406 docens,
883 2339 1002 2396 contra
1020 2333 1188 2396 violentas
1210 2332 1357 2415 injurias

405 2429 581 2494 licentiam
613 2429 821 2493 defensionis
846 2430 1002 2507 indulsit,
1027 2439 1185 2495 statuens
1218 2432 1357 2495 univer*

406 2529 525 2592 saliter
546 2528 626 2610 jure
646 2528 787 2606 factum,
802 2530 893 2610 quod
913 2531 1070 2612 quisque,
1087 2531 1155 2594 vim
1176 2530 1356 2614 injuriam·

406 2645 474 2708 que
489 2627 708 2708 propulsam,
726 2647 825 2690 suam
842 2628 959 2694 iecerit
974 2630 1017 2693 ad
1033 2630 1215 2694 cautelam.
1252 2630 1356 2707 Sane,

406 2745 485 2789 cum
501 2726 630 2789 dudum
654 2727 811 2790 animosa
830 2748 1031 2808 guerrarum
1055 2730 1218 2810 pericula,
1233 2729 1356 2813 injuri-

406 2843 468 2888 osa
499 2825 701 2887 damnorum
735 2825 934 2890 discrimina
961 2828 1059 2891 nobis
1090 2838 1185 2892 mota
1215 2828 1355 2892 fuerunt

406 2929 440 2986 et
477 2923 586 3001 illata,
616 2943 693 3006 quae
729 2925 794 2987 toti
831 2926 957 2990 mundo
994 2929 1141 3004 notoria,
1167 2936 1201 2992 et
1237 2934 1357 2991 nostra

406 3023 510 3087 etiam
524 3024 740 3088 intimatione
756 3024 926 3104 frequenti
943 3027 1144 3107 apostolioae
1160 3028 1233 3091 sedi
1250 3027 1355 3103 facta,

405 3125 492 3186 satis
509 3142 572 3205 pro
592 3125 766 3186 constanti
787 3125 993 3205 supponitur
1008 3125 1213 3189 beatitudini
1229 3133 1354 3190 vestrae

406 3229 509 3300 nota3
542 3241 617 3297 noe,
642 3241 701 3284 eor
726 3221 890 3285 habentes
911 3224 1102 3305 pacificum,
1126 3226 1222 3289 novit
1247 3226 1356 3301 DeuS,

404 3340 467 3401 pro
493 3321 643 3384 vitandis
670 3321 749 3396 illis,
779 3329 814 3384 et
839 3323 994 3404 pacificis
1022 3323 1264 3402 subducendiS,
1296 3325 1354 3388 ob-

406 3419 547 3482 tulimus
567 3439 629 3482 nos
647 3420 841 3483 voluntarie
867 3423 1086 3504 persequenti
1109 3431 1304 3487 reverenter
1320 3431 1355 3488 et

405 3517 580 3581 humiliter
594 3518 682 3582 forte
693 3520 795 3582 nimis
808 3521 973 3584 amabiles
990 3522 1063 3584 vias
1079 3524 1187 3604 pecie,
1198 3543 1266 3586 non
1281 3523 1354 3586 sine

406 3621 602 3678 nostrorum
630 3636 757 3696 magno
775 3618 907 3699 jurium
933 3621 1108 3698 interesse,
1129 3629 1179 3697 ut,
1195 3623 1354 3702 neglecta

406 3716 645 3796 prosecutione
666 3715 735 3778 alia
755 3715 938 3799 cujuslibet
954 3719 1044 3802 juris
1063 3721 1181 3797 nostri,
1202 3729 1356 3802 tempore

404 3813 466 3876 illo
489 3812 577 3895 justi
600 3814 740 3891 doloris,
759 3834 828 3896 quo
855 3826 1202 3899 propteraecensam
1231 3821 1356 3882 furoris

367 4066 373 4078 ‚
440 4013 446 4042 ¹
465 4015 519 4064 The
530 4015 601 4076 King
617 4014 754 4063 emberked
772 4019 799 4062 at
817 4014 865 4062 Or·

403 4085 461 4134 well
473 4099 504 4133 on
517 4085 678 4146 Sunday‚the
690 4083 747 4132 rath
755 4084 783 4132 of
790 4084 865 4144 dely,

403 4155 449 4203 but
460 4155 502 4202 the
511 4155 620 4203 tleetdid
627 4159 670 4202 not
678 4153 761 4215 weigh
771 4153 865 4201 auchor

402 4222 864 4287 untilThnrsday,the16th,between

890 4062 936 4096 one
949 4049 1172 4098 andtwoo'clock.
1202 4050 1357 4100 Rotclaus.

892 4122 922 4166 12
935 4118 1009 4166 Edw.
1021 4118 1075 4167 111.
1087 4134 1113 4179 p.
1122 4124 1147 4178 2,
1158 4134 1191 4168 m.
1201 4123 1242 4183 Ἠ,
1251 4121 1292 4180 d.;
1304 4123 1356 4182 Ry-

890 4203 952 4251 mer,
964 4188 1083 4251 Foedera,
1094 4189 1122 4238 ii.
1135 4192 1208 4258 1050.
