3138 4988
420 501 590 548 wnnrrsr
615 500 661 548 nn
685 500 968 552 nauruonunuu.
1099 483 1165 549 289

211 666 246 724 et
274 660 516 742 depositiones,
543 668 746 744 spontanee,
772 651 879 726 libere
904 661 1017 725 factas
1044 681 1162 726 coram
1185 670 1315 760 {sparga-

212 760 310 823 nobis
326 766 360 824 et
376 759 541 823 iratribus
553 760 693 835 nostris,
704 761 739 823 in
755 765 888 824 secreto
903 761 1000 842 prius
1016 769 1052 825 et
1069 773 1162 845 post·
1175 747 1258 844 Rufio,
1269 749 1325 854 Pop}

211 859 349 922 modum
365 878 480 922 coram
497 859 595 923 nobis
607 864 749 940 totoque
764 859 909 923 concilio
925 859 1070 924 fratrum
1083 881 1163 926 nos-¹
1175 855 1272 894 ⁰¹⁹¹¹¹²¹l

1174 905 1303 953 concerning

211 965 343 1022 trorum
373 965 501 1022 sanctae
535 959 706 1022 Romanae
732 959 889 1022 ecclesiae
915 959 1159 1040 cardinalibus,
1173 955 1282 1054 {lgm

211 1059 327 1139 patuit
338 1057 651 1140 manifeste‚quoad
661 1077 827 1139 personas
838 1058 933 1140 ipsas
943 1059 1159 1141 confitentes,

211 1156 304 1220 dicta
334 1157 478 1220 crimina
505 1165 540 1221 et
568 1157 700 1220 scelera
722 1155 805 1220 'esse
831 1175 925 1221 vera.
980 1154 1158 1242 Iide'mque

211 1255 411 1321 confitentes
434 1275 551 1320 omnes
575 1263 610 1319 et
632 1256 770 1337 singuli,
791 1274 892 1319 suum
911 1253 1085 1321 humiliter
1108 1280 1160 1322 re-

210 1363 458 1436 cognoscentes
490 1374 652 1431 errorem,
687 1361 841 1421 nostram
882 1363 917 1419 et
957 1344 1158 1438 apostolicae

210 1454 301 1518 sedis
320 1475 389 1519 non
406 1455 579 1537 justitiam
602 1454 662 1518 sed
685 1454 953 1518 misericordiam
971 1467 1006 1519 et
1020 1457 1157 1520 veniam

208 1553 446 1635 implorarunt.
500 1553 687 1630 Praeterea,
709 1573 788 1618 curn
816 1553 983 1635 magistro
1007 1562 1042 1618 et
1068 1575 1157 1637 prae-

209 1655 407 1734 ceptoribus
430 1653 612 1735 praecipuis
635 1653 771 1734 praefati
793 1653 922 1717 ordinis
940 1654 1156 1720 intendentes

209 1771 314 1833 super
339 1753 525 1835 praemissis
550 1752 724 1834 inquirere
748 1771 809 1833 per
831 1769 895 1816 nos
918 1752 1025 1834 ipsos,
1043 1749 1156 1836 ipsum

210 1851 425 1932 magistrum,
451 1851 612 1914 videlicet
651 1851 820 1926 Franciae,
855 1857 956 1914 terrae
991 1851 1156 1916 ultrama-

209 1951 306 2027 rinae,
322 1949 558 2025 Normanniae,
576 1947 799 2032 Aquitanniee
813 1956 848 2012 et
871 1949 1050 2028 Pictaviaa
1066 1971 1156 2032 prae·

209 2055 367 2131 ceptores
405 2049 554 2132 majores
595 2048 762 2112 Pictaviae
796 2049 894 2112 nobis
930 2049 1156 2116 existentibus

209 2148 448 2212 mandavimus
474 2148 698 2231 praesentari;
739 2147 849 2211 tribus
879 2152 995 2210 autern
1022 2146 1157 2218 dilectis

208 2247 288 2311 filiis
334 2248 459 2312 nostris
504 2246 737 2311 cardinalibus
781 2247 1021 2328 praesentibus,
1066 2250 1158 2313 tituli

209 2346 329 2412 Sancti
357 2345 465 2412 Nerei
484 2353 520 2410 et
544 2344 703 2422 Achillei,
722 2351 757 2408 et
780 2345 872 2409 tituli
894 2345 1014 2410 Sancti
1034 2346 1157 2412 Siriaci

206 2445 242 2508 in
283 2445 417 2512 Termis
456 2445 678 2529 presbyteris,
716 2463 757 2509 ac
794 2444 1000 2527 Landulpho
1037 2445 1156 2513 Sancti

209 2543 337 2627 Angeli
368 2546 514 2611 diacono
544 2545 788 2621 cardinalibus,
821 2544 864 2609 de
896 2539 1042 2627 quorum
1073 2566 1155 2630 pru-

206 2644 326 2710 dentia
353 2654 389 2710 et
420 2646 635 2728 experientia
664 2650 698 2709 et
725 2643 892 2708 fidelitate
925 2645 1154 2709 indubitatam

208 2743 368 2808 fiduciam
384 2747 589 2822 obtinemus,
608 2744 840 2808 commisimus
864 2749 899 2807 et
915 2744 1154 2808 mandavimus

208 2849 247 2906 ut
271 2843 338 2924 ipsi
363 2863 441 2906 cum
470 2843 615 2926 praefato
633 2843 802 2922 magistro
826 2851 861 2907 et
885 2844 1154 2925 praeceptoribus

207 2948 280 3004 tam
303 2949 424 3006 contra
449 2941 661 3023 inquirerent
685 2947 720 3003 et
746 2940 833 3003 alias
858 2941 1050 3022 singulares
1072 2962 1151 3023 per·

207 3059 310 3104 sonas
325 3040 408 3104 dicti
421 3039 550 3104 ordinis
565 3037 785 3120 generaliter,
795 3058 898 3120 quam
914 3041 1018 3104 etiam
1032 3049 1154 3105 contra

206 3139 320 3221 ipsum
344 3139 498 3203 ordinem
520 3155 626 3219 super
643 3137 830 3220 praemissis
848 3133 1047 3220 diligentius
1064 3131 1154 3203 reri·

207 3247 336 3318 tatem;
363 3257 479 3303 coram
497 3237 622 3321 quibus
645 3237 736 3301 idem
758 3237 924 3318 magister
946 3245 981 3300 et
1002 3257 1156 3322 praecep·
1251 3251 1253 3258 ·

207 3346 299 3402 tores
315 3338 475 3421 majores,
491 3336 534 3400 de
550 3354 679 3418 magna
690 3342 724 3400 et
738 3335 841 3418 plena
856 3337 1000 3402 veritate
1011 3337 1156 3401 dicenda

205 3440 251 3501 ab
283 3439 333 3500 eis
359 3436 587 3526 corporaliter
614 3436 771 3519 praestito
798 3434 1009 3517 juramento,
1037 3436 1155 3518 singu·

205 3535 335 3613 rariter,
371 3536 478 3600 libere
513 3553 554 3598 ac
585 3541 722 3618 sponte,
752 3535 883 3616 absque
920 3537 1155 3600 coarctatione

206 3635 358 3718 qualibet
383 3643 418 3700 et
433 3643 578 3712 terrore,
598 3654 715 3698 coram
736 3634 821 3714 ipsis
843 3633 954 3698 tribus
972 3635 1155 3700 cardinali-

205 3736 270 3799 bus
293 3743 511 3818 quatuorque
537 3733 779 3798 tabellionibus
803 3727 962 3815 publicis,
978 3741 1021 3799 et'
1036 3735 1154 3797 multis

206 3834 283 3898 aliis
301 3835 417 3916 probis
435 3835 517 3898 viris
532 3834 766 3915 deposuerunt
786 3839 824 3896 et
838 3832 987 3896 confessi
1003 3832 1154 3910 fuerunt,

205 3933 295 3999 inter
309 3940 449 4010 caetera,
466 3932 596 3997 Christi
613 3931 879 4012 abnegationem
892 3940 926 3994 et
945 3932 1153 4013 spuitionem
1202 3949 1205 3955 ·

205 4051 310 4116 super
336 4049 473 4096 crucem
503 4051 580 4094 cum
613 4031 650 4093 in
680 4030 833 4093 ordinem
866 4029 999 4112 Templi
1025 4031 1155 4112 recepti

207 4131 367 4196 fuerunt:
402 4138 439 4194 et
461 4129 601 4212 quidam
623 4149 668 4192 ex
691 4129 741 4191 eis
765 4147 803 4190 se
827 4129 891 4191 sub
910 4128 1029 4193 eadem
1047 4128 1158 4192 forma

206 4231 331 4296 fratres
343 4229 509 4314 plurimos
523 4228 701 4309 recepisse.
736 4227 825 4292 Sunt
837 4228 940 4292 etiarn
956 4228 1097 4311 quidam
1112 4249 1157 4292 ex

261 4347 337 4394 VOL.
355 4347 396 4394 ll.
984 4344 1008 4390 U
