3178 4992
394 479 459 542 102
768 490 980 540 canonicor

248 669 339 716 unwan
350 667 368 707 r.
398 646 508 712 Obliti
525 666 675 728 namque
691 655 788 724 sunt,
803 648 908 709 immo
925 645 1042 728 potins
1061 650 1354 725 contempserunt,

240 721 598 810 Qmemoriam
625 746 804 812 reverendi
831 745 969 828 patroni
997 744 1150 827 ejusdem
1175 743 1297 806 domus
1319 748 1356 804 et

398 845 574 928 quondam
599 849 708 911 totius
738 844 878 919 Scotiae,
905 843 1097 908 beatissimi
1121 842 1254 906 scilicet
1282 839 1356 904 An-

399 946 490 1008 dreae
513 946 673 1028 apostoli,
689 943 979 1028 parvipendentes
1002 942 1099 1005 illum
1121 961 1224 1023 quem
1240 947 1356 1023 patro-

400 1064 484 1107 num
502 1045 600 1126 regni
625 1045 752 1109 Scotiae
773 1043 966 1124 antiquitus
990 1043 1167 1105 nominare
1187 1039 1355 1104 solebant.

239 1149 389 1244 {flfifflggsstyff
403 1143 490 1208 Indo
520 1164 603 1208 vero
631 1144 854 1218 divertentes,
885 1141 1025 1206 domum
1055 1148 1254 1204 sanctarum
1286 1156 1357 1201 mo·

239 1247 331 1287 numa.
403 1242 546 1306 uialium
564 1243 608 1306 de
629 1239 840 1324 Lameslay‚¹
860 1260 937 1304 eum
961 1241 1095 1304 caeteris
1119 1237 1358 1322 adjacentibus

404 1344 440 1406 in
455 1343 582 1423 patria,
599 1343 757 1407 incendio
773 1341 930 1404 horribili
947 1344 1223 1414 concremarunt,
1239 1338 1275 1400 in
1291 1336 1357 1399 fine

404 1441 509 1529 illius
532 1441 601 1504 diei
630 1441 731 1506 Jovis
760 1446 1003 1522 pernoctantes
1033 1439 1126 1520 apud
1156 1437 1358 1501 Lauercost.

406 1539 563 1622 Cumque
588 1559 708 1604 eorum
733 1540 858 1603 suisset
884 1538 1076 1603 voluntatis
1106 1537 1251 1601 ulterius
1279 1553 1359 1617 pro-

407 1638 540 1716 cedere,
563 1640 674 1704 noluit
696 1640 773 1721 ipse
795 1638 904 1716 Deae,
923 1644 958 1701 et
980 1638 1058 1702 ideo
1080 1635 1236 1718 impediti
1258 1640 1358 1697 sunt:

409 1737 508 1802 affuit
540 1741 630 1802 enim
660 1739 806 1802 nuncius
836 1757 881 1800 ex
912 1738 984 1800 suis
1015 1736 1075 1819 qui
1104 1736 1234 1798 diceret
1267 1731 1360 1814 quod

409 1837 584 1926 exercitus
600 1839 692 1919 regis
714 1835 853 1918 Angliae
871 1837 1012 1901 veniens
1027 1836 1063 1898 in
1079 1835 1239 1917 proximo
1253 1832 1310 1896 vel
1326 1833 1362 1894 in

405 1937 525 2018 januis
550 1938 739 2002 assisteret.
792 1934 944 2000 Attoniti
963 1954 1046 2000 vero
1068 1941 1104 1998 et
1125 1931 1310 2016 stupefacti
1326 1932 1363 1993 in

410 2035 489 2112 hoc,
518 2056 597 2099 cum
622 2036 790 2120 quasdam
815 2036 939 2099 domus
966 2034 1121 2119 ejusdem
1150 2031 1362 2106 monasterii,

411 2155 480 2197 nou
499 2142 615 2198 tamen
633 2137 823 2214 ecclesiam,
845 2134 1089 2212 incendissent,
1107 2152 1242 2196 summo
1264 2148 1363 2193 mane

412 2234 479 2298 diei
505 2234 654 2299 Veneris
673 2255 737 2318 per
753 2235 904 2298 medium
926 2234 1064 2298 forestae
1089 2233 1264 2314 Nicholay
1283 2248 1362 2294 cum

412 2352 541 2414 magna
557 2334 676 2417 praeda
689 2336 819 2399 reversi
835 2341 927 2397 sunt.

457 2555 550 2640 dape
566 2563 638 2619 sual
653 2554 738 2620 Secti
753 2555 847 2621 mulli
863 2556 953 2643 opud
966 2554 1135 2620 Dauduana
1151 2556 1187 2620 lu
1206 2554 1324 2618 Ousire.

251 2739 371 2780 rhoeam
466 2725 597 2789 Eodem
632 2733 787 2808 tempore
822 2747 900 2791 eum
935 2747 1050 2792 comes
1085 2727 1272 2801 Patricius
1306 2725 1366 2807 qui

252 2793 276 2830 of
282 2791 371 2830 Dunbar

251 2840 382 2930 usgagg?
415 2824 609 2905 vulgariter
623 2826 750 2890 dicitur
769 2825 904 2891 Counte
919 2827 962 2890 de
979 2827 1014 2890 la
1034 2826 1190 2903 Marche,
1204 2832 1366 2908 potenter

415 2925 630 3007 fideliterque
669 2927 745 3006 regi
786 2935 905 2991 nostro
948 2927 1126 3004 militaret,
1160 2946 1251 2989 uxor
1290 2924 1365 3007 ejus

414 3025 592 3089 comitissa
613 3025 649 3086 in
671 3034 786 3089 castro
808 3046 872 3089 suo
895 3027 938 3089 de
961 3025 1107 3090 Dunbar
1129 3043 1283 3101 manens,
1305 3023 1367 3086 do-

415 3124 567 3206 lumque,
582 3132 623 3188 ut
637 3123 776 3203 dicitur,
791 3134 826 3189 et
847 3125 1002 3189 fraudem
1020 3127 1237 3208 excogitans
1254 3123 1367 3186 missis

417 3223 552 3287 nunciis
581 3223 625 3286 ad
654 3225 845 3290 exercitum
870 3225 1064 3303 Scotorum,
1089 3245 1148 3289 eos
1173 3244 1251 3289 cum
1277 3223 1369 3286 omui

418 3321 639 3386 festinatione
665 3325 860 3400 accersivit,
886 3325 1092 3407 promittens
1120 3344 1157 3388 se
1187 3325 1221 3388 iu
1249 3341 1368 3386 eorum

420 3421 575 3485 adventu
607 3430 759 3486 castrum
792 3425 1014 3488 reddituram.
1077 3424 1165 3488 Erat
1196 3423 1285 3486 enim
1318 3421 1371 3483 vir

421 3539 504 3584 suus
520 3539 598 3583 cum
614 3541 696 3602 rege
719 3530 837 3585 nostro
854 3525 1021 3605 ignorans
1036 3523 1131 3588 talia.
1185 3521 1372 3586 Miserunt-

420 3638 488 3699 que
513 3618 609 3682 Scoti
630 3626 701 3684 tres
725 3622 880 3698 comites,
906 3630 1054 3705 quatuor
1074 3625 1234 3697 barones,
1258 3635 1370 3683 xxxi.

420 3717 559 3793 milites,
587 3719 664 3782 cum
693 3729 830 3784 centum
858 3723 1049 3803 armigeris
1076 3730 1111 3787 et
1133 3741 1215 3784 mox
1245 3721 1280 3781 in
1313 3739 1367 3782 eo-

420 3837 495 3878 rum
522 3815 674 3882 adventu
698 3820 888 3885 introducti
909 3828 1001 3896 sunt,
1025 3821 1181 3904 expulsis
1206 3820 1311 3901 regiis
1335 3823 1371 3882 et

419 3916 624 3999 quibusdam
654 3939 771 3984 eorum
792 3920 992 3985 interfectis.
1045 3921 1148 4000 Quod
1176 3939 1254 3983 cum
1280 3923 1372 3982 esset

419 4017 494 4098 regi
526 4026 645 4083 nostro
679 4020 893 4097 nunciatum,
925 4019 1104 4085 confestim
1139 4021 1244 4082 robur
1275 4037 1372 4081 exer-

418 4262 433 4307 b
454 4188 470 4308 'l
481 4193 603 4308 Lalmbley
614 4210 683 4256 upon
699 4195 742 4243 the
758 4195 869 4257 Tyne,a
886 4197 1051 4245 Benedictine
1066 4212 1180 4258 nunuery
1193 4198 1219 4244 iu
1234 4195 1373 4245 Northum-

434 4275 461 4308 er
472 4276 504 4308 an
526 4298 531 4310 .
