3126 4986
435 487 606 538 wascum
631 487 678 534 nu
701 487 985 539 numinenuucu.
1143 473 1186 536 71

232 653 445 710 nontamen
475 648 595 711 multae
624 647 736 710 literae
769 647 830 710 sed
858 649 1006 712 avaritia
1034 649 1186 712 maxima
1208 663 1340 756 &guib

232 765 311 808 eum
327 745 410 810 fecit
425 749 526 829 quasi
540 746 702 812 insanire.
755 745 873 810 sitivit
894 748 985 810 enim
1009 748 1109 812 valde
1128 768 1186 831 pe·
1200 769 1346 778 ·-·-’

232 846 371 908 cuniam
388 855 424 910 et
441 847 671 910 substantiam
696 845 854 921 aliorum,
873 846 975 924 unde,
993 847 1090 930 justo
1117 848 1186 911 Dei

229 943 375 1026 judicio,
406 946 564 1027 contigit,
595 954 646 1022 ut,
679 946 739 1026 qui
769 944 986 1009 subditorum
1015 948 1119 1021 bona,
1150 957 1185 1011 et

234 1045 386 1107 maxime
413 1046 457 1108 ab
481 1045 666 1122 intestatis,
684 1043 809 1121 sitiret,
826 1045 942 1108 subita
957 1046 1057 1128 quasi
1074 1054 1186 1110 morte

233 1151 445 1224 praeventus,
469 1145 602 1208 nulium
631 1143 687 1208 vel
710 1143 881 1208 modicum
907 1163 953 1207 ex
977 1152 1187 1210 testamento

233 1243 374 1324 proprio
402 1253 608 1309 consecutus
636 1251 690 1307 est
716 1243 998 1309 emolumentum.
1049 1244 1183 1308 Exacu-

233 1347 327 1406 tores
343 1343 434 1406 euim
450 1344 504 1406 sui
518 1363 558 1406 se
565 1343 796 1409 intromittere
813 1341 1011 1420 noluerunt,
1024 1343 1075 1407 ita
1092 1345 1185 1426 quod

233 1459 304 1506 nou
328 1441 371 1504 de
399 1444 552 1526 proprio,
575 1443 636 1508 sed
666 1443 783 1525 potius
806 1441 931 1519 alieno,
960 1443 1090 1507 fiebant
1122 1463 1184 1507 ex-

233 1541 600 1622 penestarum-et
627 1543 664 1604 in
688 1541 836 1605 ecclesia
860 1560 925 1605 sua
950 1562 1028 1606 cum
1056 1543 1185 1608 honore

234 1639 383 1722 simplici
414 1642 596 1724 sepositus
624 1647 698 1707 est.
759 1639 841 1704 Non
871 1642 961 1704 enim
992 1642 1093 1724 panis
1127 1643 1184 1707 vei

233 1740 357 1806 obolus
381 1759 445 1824 pro
470 1742 590 1804 anima
612 1739 764 1804 dabatur
793 1739 914 1822 ipsius.
967 1740 1038 1805 Hic
1064 1742 1185 1806 visita·

233 1839 360 1903 tionem
377 1840 625 1922 Dunolmensis
648 1839 816 1915 ecclesiae,
830 1859 936 1922 quam
951 1841 1185 1922 praedecessor

233 1956 317 2002 suus
328 1939 408 2022 jure
424 1947 460 2004 et
469 1939 711 2024 jurisdictione
729 1938 881 2002 Eborum
898 1939 1052 2003 ecclesiae
1068 1941 1186 2003 vendi.

233 2047 386 2116 caverat,
403 2047 559 2123 accepta,
582 2046 622 2103 ut
644 2039 835 2115 dicebatur,
852 2039 1012 2120 pecunia,
1034 2039 1185 2103 dormire

200 2163 203 2169 ·
234 2138 408 2203 sustinuit.
460 2137 700 2204 obedientiam
715 2137 819 2201 etiam
849 2137 1096 2202 Dunolmensis
1111 2140 1184 2221 epi-

233 2238 342 2320 scopi,
373 2257 476 2320 quam
511 2239 623 2320 primo
649 2255 816 2320 pompose
843 2237 1004 2318 petierat,
1027 2238 1183 2321 appella·

234 2337 328 2400 tione
344 2337 562 2420 interposita,
576 2337 730 2418 segniter
749 2339 960 2418 prosecutus
977 2347 1042 2402 est.
1088 2338 1183 2402 Huic
1194 2343 1314 2443 23:333·

233 2437 400 2500 suecessit
426 2437 600 2500 Henricus
625 2437 668 2500 de
703 2435 738 2500 N
741 2435 867 2512 ewerk
893 2437 1049 2520 ejusdem
1075 2437 1184 2502 eccle·
1196 2447 1230 2484 Β
1195 2446 1307 2534 Ngflgkdr

232 2535 293 2598 siae
325 2535 513 2613 domnus,
523 2537 653 2600 electus
690 2554 712 2598 a
746 2535 911 2599 iratribus
944 2535 1000 2601 die
1032 2537 1182 2601 Veneris
1194 2545 1294 2645 {3337

233 2635 394 2715 proximo
422 2643 504 2718 ante
526 2635 773 2707 Asceusionem
799 2634 964 2712 Domini,¹
986 2638 1069 2703 anni
1089 2637 1183 2720 ejus-

233 2732 311 2799 dem
351 2751 550 2813 uccxovr,
588 2735 659 2818 qui,
697 2735 811 2798 missis
848 2734 892 2798 ad
932 2756 1060 2820 papam
1094 2755 1183 2799 nun-

234 2833 309 2910 ciis,
352 2853 394 2898 eo
430 2835 524 2916 quod
562 2834 790 2918 personaliter
822 2835 917 2898 adim
955 2855 1024 2900 nou
1066 2843 1185 2918 posset

233 2941 377 3016 propter
397 2954 538 2998 exosam
565 2953 726 3014 guerram
751 2934 843 2997 inter'
865 2935 952 2998 duos
972 2954 1072 3016 reges
1094 2936 1185 3016 peri·

234 3031 447 3098 culosissime
464 3034 714 3108 continuatam,
736 3052 798 3116 per
815 3033 944 3096 bullam
967 3034 1077 3114 ipsius
1099 3050 1181 3096 con·

235 3129 390 3198 firmatus
415 3141 468 3198 est
493 3133 530 3196 in
555 3152 645 3197 anno
670 3133 840 3214 sequenti,
863 3132 1044 3195 etiterum
1068 3131 1184 3195 missis

234 3230 368 3294 nunciis
396 3251 461 3313 pro
489 3233 748 3296 consecratione
771 3238 807 3294 et
830 3230 948 3312 pallio,
971 3250 1015 3294 ex
1044 3229 1181 3312 dispen-

235 3330 368 3394 satione
394 3331 546 3414 ejusdem
569 3350 670 3414 papae
697 3329 867 3394 Bonifacii
887 3338 1110 3394 consecratus
1130 3337 1184 3394 est

234 3428 270 3491 in
300 3430 447 3496 ecclesia
472 3451 536 3494 sna
562 3432 717 3496 Eburum
744 3449 806 3512 per
832 3429 1019 3494 Antonium
1047 3430 1182 3494 Dunol-

234 3547 387 3592 mensem
398 3531 609 3614 episcopum,
621 3532 678 3594 cui
693 3529 911 3594 commiserat
922 3549 1015 3613 papa
1028 3538 1182 3612 potesta-

235 3633 304 3693 tem
331 3628 420 3694 hanc
445 3631 641 3712 specialem,
670 3630 853 3695 Dominica
876 3629 1008 3694 scilicet
1033 3630 1185 3694 secunda
1196 3651 1289 3700 sunu-y

234 3733 314 3809 post
330 3727 457 3792 festum
486 3729 625 3793 Sanctae
650 3728 842 3805 Trinitatis,
860 3745 955 3792 xvu.
974 3730 1105 3796 scilieet
1120 3729 1182 3793 ka·
1195 3703 1296 3792 {inst
1226 3703 1296 3749 '¹¹⁵'

235 3823 357 3890 leudes
373 3827 475 3905 Julii,
488 3847 579 3894 anno
597 3828 765 3892 Domini‘
778 3845 806 3890 u
810 3845 994 3892 .uoxcv111
998 3827 1024 3862 '²

268 4079 348 4133 'The
365 4085 409 4134 it'h
426 4087 455 4138 of
470 4087 544 4154 May,
559 4088 696 4152 according
756 4083 767 4118 ¹
783 4086 933 4150 ‘u.ccxcv.,'
945 4087 1021 4139 MSS.
1034 4087 1100 4138 Ooll.
1114 4088 1187 4139 Arm.

231 4157 258 4202 to
269 4153 306 4202 Le
318 4155 401 4207 Neve.
722 4158 773 4206 aud
785 4155 853 4207 Cott.
864 4156 923 4208 Tib.
