3178 4992
461 497 632 549 weuram
656 496 704 545 uu
728 496 1014 546 unurncauecn.
1168 481 1212 544 91

259 663 343 740 suis,
360 663 485 727 saltem
502 683 612 747 usque
627 663 671 727 ed
686 663 790 727 finem
804 681 939 744 guerras
953 663 1027 744 regi
1042 661 1215 738 Franciee,
1235 671 1358 765 {03⁸3}ss

259 764 438 828 retinenda
476 764 673 828 liberarent.
736 762 839 842 Quod
882 763 1020 844 quidem
1053 762 1213 826 ultimum
1225 750 1303 849 ὦκ’,
1312 749 1371 849 Μ’,

260 863 374 927 iacere
402 869 695 946 contempserunt,
723 862 768 926 ad
795 860 944 944 primum
974 861 1212 945 respondendo
1225 860 1332 950 3321?
1340 869 1370 909 ¹¹⁹

259 962 425 1040 dicentes,
451 969 473 999 “
486 963 597 1028 Terra
623 970 743 1027 nostra
768 961 876 1026 libera
905 969 958 1025 est
988 969 1025 1026 et
1049 963 1094 1026 ab
1120 962 1214 1026 omui

261 1063 428 1128 servitute
445 1063 576 1146 quieta,
594 1083 657 1126 nec
672 1070 847 1145 praecepto
863 1063 953 1144 regis
970 1062 1108 1143 Angliae
1124 1061 1213 1126 fate·

263 1183 340 1226 mur
367 1163 404 1225 in
431 1163 549 1245 aliquo
574 1182 637 1228 nos
662 1162 844 1236 astrictos;
876 1161 981 1226 immo
1004 1169 1214 1226 mercatores

265 1262 418 1326 Francos
441 1263 498 1327 vel
517 1262 761 1339 Flandrenses,
780 1281 843 1325 seu
864 1261 951 1325 alios
975 1262 1213 1344 undecumque

262 1362 452 1439 venientes
482 1364 614 1445 absque
639 1361 712 1425 ulla
738 1380 964 1443 personarum
993 1361 1213 1425 distinctione

262 1462 485 1526 admittemus
507 1462 551 1526 ad
579 1461 734 1527 votum.''
778 1460 908 1525 Eodem
937 1461 1038 1544 quasi
1059 1468 1334 1543 temporeuntmt·

262 1570 362 1624 erant
384 1568 593 1626 mercatores
615 1559 756 1642 Angiici
780 1562 815 1626 in
839 1567 944 1642 portu
965 1560 1007 1624 de
1031 1558 1213 1643 Bmewyk,
1226 1522 1362 1621 ffiqqnt

263 1679 351 1743 quos
373 1661 670 1744 apprehendentes
698 1659 794 1725 Scoti
824 1661 861 1723 in
884 1660 1000 1724 furore
1024 1679 1088 1723 suo
1111 1623 1356 1742 quos-mmm

263 1759 343 1824 dam
359 1762 569 1838 ceciderunt,
581 1760 750 1845 quosdam
765 1779 848 1825 vero
864 1760 1167 1837 detruncaverunt,
1179 1767 1215 1824 et

262 1879 380 1924 eorum
397 1861 566 1942 quosdam
586 1861 690 1942 plena
706 1868 818 1925 morte
834 1866 1066 1941 peremerunt,
1082 1859 1215 1941 fugien-

262 1960 357 2024 tibus
373 1968 490 2024 tamen
507 1961 691 2043 aliquibus,
708 1960 768 2043 qui
785 1961 860 2041 regi
874 1967 994 2024 nostro
1010 1959 1215 2022 nunciarent

263 2059 379 2123 omnia
395 2061 502 2124 verba
518 2059 603 2124 haec.
656 2059 745 2137 Quae
767 2078 846 2122 cnm
861 2059 1015 2123 audisset
1027 2077 1103 2135 rex,
1121 2059 1214 2122 ultra

266 2178 368 2241 quam
383 2159 477 2223 credi
493 2166 610 2242 potest
627 2160 814 2235 admirans,
832 2159 893 2234 ait,
911 2157 978 2222 “0
999 2165 1131 2240 quanta
1152 2176 1215 2222 ne·

265 2260 394 2340 quitia!
442 2258 473 2323 Ο
505 2269 637 2342 quanta
665 2258 810 2322 seditio!
842 2259 920 2339 quis
954 2276 1104 2340 unquam
1139 2276 1214 2320 cre·

263 2358 360 2423 deret
396 2358 501 2422 talia!
555 2358 658 2423 Certe
695 2357 867 2439 completa
900 2364 954 2422 est
986 2357 1062 2441 jam
1094 2376 1213 2420 eorum

264 2458 409 2535 malitia,
426 2477 490 2523 uec
518 2465 571 2522 est
594 2477 616 2522 a
637 2458 736 2522 nobis
759 2457 904 2521 ulterius
923 2456 1215 2539 expectandum.''
1244 2471 1246 2474 ·

267 2557 422 2641 Moxque
440 2577 485 2621 ex
500 2556 614 2621 edicto
635 2556 801 2640 praecepit
819 2557 936 2621 vocari
954 2575 1070 2638 regem
1091 2555 1213 2620 Scotc·
1226 2568 1318 2658 ἕξω

264 2676 351 2734 rum,
366 2676 471 2739 super
486 2653 613 2721 auditis
632 2656 736 2740 hujus
752 2656 797 2719 ad
814 2656 903 2719 diem
922 2663 1054 2720 certum
1069 2675 1212 2739 respon·
1226 2677 1338 2758 35qu

263 2776 394 2822 surum.
447 2756 518 2834 Qui
546 2776 624 2819 cum
649 2756 693 2820 ad
723 2756 813 2819 diem
846 2776 915 2820 non
943 2757 1076 2820 veniret
1101 2771 1340 2838 nequemaior·

264 2857 428 2933 mitteret,
445 2857 612 2938 praecepit
628 2875 692 2919 rex
716 2863 756 2920 ut
775 2874 894 2919 omnes
912 2862 1013 2919 terrae
1036 2874 1108 2918 suae
1126 2873 1213 2937 quas
1226 2855 1362 2956 {3ng

263 2956 299 3018 in
333 2956 465 3036 Anglia
498 2957 610 3019 tenuit
640 2955 853 3031 seisirentur,
885 2955 977 3038 quod
1014 2961 1050 3018 et
1084 2955 1212 3018 factum

263 3061 327 3118 est.
379 3053 634 3137 ‘Iterumque’l
662 3075 723 3118 rex
754 3055 1009 3118 communicato
1034 3072 1112 3116 cum
1140 3055 1213 3117 suis
1226 3067 1251 3106 A·
1262 3065 1289 3104 1>-
1299 3065 1356 3104 ¹²⁹⁶·

263 3155 488 3236 optimatibus
511 3154 666 3230 consilio,
687 3155 826 3218 vocavit
849 3173 910 3236 per
931 3152 1081 3216 edictum
1097 3153 1213 3234 ipsum

262 3273 379 3335 regem
407 3252 534 3318 Scotiae
564 3259 813 3335 magnatesque
839 3271 921 3316 suos
950 3259 990 3314 ut
1019 3252 1130 3334 primo
1158 3251 1213 3316 die

264 3351 384 3416 Martii
399 3353 491 3435 apud
510 3351 649 3416 Novum
668 3351 830 3417 Castrum
845 3371 949 3435 super
965 3351 1103 3434 Tynam
1123 3370 1213 3415 com·

261 3460 423 3534 parerent
444 3452 481 3515 in
501 3453 689 3534 praemissis
711 3452 923 3534 responsuri.
974 3451 1214 3532 Congregato·

262 3570 329 3633 que
344 3551 479 3615 interim
496 3553 651 3616 exercitu
665 3553 843 3626 immenso,
859 3551 900 3615 ad
919 3551 1058 3615 eosdem
1072 3550 1163 3614 diem
1180 3557 1216 3613 et

254 3651 375 3714 <locum
398 3671 475 3714 cum
498 3651 570 3714 suis
592 3652 817 3734 optimatibus
839 3671 900 3714 rex
919 3658 1037 3715 noster
1056 3657 1216 3733 potenter

262 3751 420 3815 accessit.
472 3750 629 3833 Cumque
660 3751 776 3814 vocati
809 3769 878 3814 non
915 3751 1071 3815 venirent
1104 3768 1215 3831 neque

261 3982 319 4032 Rot.
336 3982 404 4030 Scot.
421 3985 454 4031 2³
473 3983 548 4032 Edw.
566 3983 590 4032 1.
608 3998 642 4033 m.
655 3987 681 4044 2,
698 3984 724 4032 in
750 3986 803 4033 into
819 3984 862 4034 the
879 3999 948 4034 same
966 3999 1079 4034 errores
1091 3983 1216 4046 Heming·

259 4051 446 4114 Turr.1.nnd.;
464 4053 567 4114 Rymer,
575 4053 695 4115 Foedera,
706 4054 724 4102 i.
751 4053 833 4115 burgh
843 4054 906 4102 with
922 4058 1065 4114 respectio
1083 4053 1125 4104 the
1142 4067 1215 4103 name

260 4125 318 4171 82⁹.
365 4121 435 4170 itis
462 4122 602 4172 somewhat
622 4124 725 4172 curicus
751 4124 780 4172 of
788 4129 830 4172 the
841 4123 910 4172 third
921 4124 1009 4172 castle.

260 4191 315 4239 that
326 4190 386 4238 both
398 4191 524 4240 Matthew
535 4192 565 4240 oi
578 4192 725 4241 Westmins·

259 4265 298 4310 ter
309 4261 360 4310 and
373 4261 548 4324 Wnlsinghnm
566 4261 630 4311 have
647 4262 733 4330 fallen
788 4257 794 4286 ¹
813 4261 1000 4324 ‘interimque‚'
1010 4263 1068 4311 MS.
1081 4262 1150 4313 Cott.
1157 4261 1215 4310 Tib.
