3178 4992
370 462 418 537 ,92
740 477 949 525 canonicos

218 660 343 750 ffiffli,
373 647 560 722 mitterent,
587 645 712 709 statuit
742 664 805 708 rex
835 643 878 706 do
909 643 1052 710 consilio
1078 663 1218 707 suorum
1240 643 1327 706 ulte-

345 741 350 752 '
373 746 446 809 rius
468 765 543 810 esse
569 743 820 826 procedendum
844 745 1019 826 usquead
1045 743 1193 808 confinia
1218 750 1328 806 terra-

211 859 348 909 Auunci-11
374 865 460 908 rum.
513 845 682 909 Ordinato
722 852 838 908 autem
877 845 1033 907 exercitu
1069 850 1105 908 et
1135 850 1328 918 numerato,

210 922 339 1000 fflimu
373 945 503 1008 inventi
520 951 602 1007 sunt
620 951 830 1008 armatorum
847 943 882 1005 in
898 944 995 1026 equis
1018 944 1162 1006 armatis
1177 950 1328 1025 quatuor

210 1011 347 1052 mm
373 1043 482 1108 millia
505 1056 541 1107 et
562 1044 717 1126 peditum
736 1043 923 1108 electorum
941 1043 1087 1124 triginta
1103 1042 1222 1120 millia,
1237 1062 1327 1124 prac-

374 1152 427 1208 ter
452 1144 644 1207 exercitum
676 1141 922 1208 Dunolmensis
951 1142 1105 1225 episcopi
1136 1142 1196 1225 qui
1227 1143 1327 1223 quin-

374 1244 470 1325 genti
490 1254 589 1307 erant
612 1243 648 1306 in
673 1243 770 1324 equis
795 1232 938 1306 armatis
958 1248 994 1305 et
1016 1241 1109 1305 mille
1131 1241 1276 1324 pedites,
1294 1248 1329 1304 et

374 1350 501 1425 praeter
529 1343 728 1408 Wallenses
764 1348 800 1405 et
834 1341 1043 1406 Hibernicos
1080 1342 1140 1424 qui
1178 1341 1327 1404 nondum

375 1451 559 1522 venerant;
584 1448 752 1506 venerunt
772 1447 888 1504 tamen
909 1449 1044 1524 postea,
1061 1448 1101 1504 ut
1115 1441 1150 1503 in
1167 1459 1230 1506 suo
1250 1440 1327 1504 loco

374 1541 681 1616 diceturinferius3
706 1548 1017 1623 processeruntque
1029 1561 1091 1623 per
1102 1547 1234 1603 turmas
1245 1559 1328 1603 suas

375 1660 484 1723 usquo
511 1642 554 1704 ad
582 1640 732 1704 confinia
758 1641 957 1722 regionum:
982 1641 1078 1704 Scoti
1103 1637 1263 1703 ‘etiam'¹
1290 1641 1326 1702 in

274 1795 276 1799 .
375 1741 522 1804 confinio
547 1747 648 1804 terrac
670 1759 743 1806 suae
762 1747 965 1804 manserunt
991 1737 1245 1821 ‘congregati'²
1266 1759 1328 1821 per

375 1848 508 1904 turmas
537 1859 619 1903 suas
646 1840 792 1922 sparsim
827 1840 980 1921 separati
1008 1840 1069 1902 sed
1099 1840 1142 1901 ad
1175 1857 1328 1920 pugnam

376 1940 574 2022 praeparati,
611 1938 762 2022 populus
801 1939 931 2003 multus
962 1947 997 2006 et
1034 1947 1330 2021 praesumptuosus

375 2039 487 2104 valdo.

592 2262 641 2325 Dc
656 2260 811 2325 Seditiona
827 2260 952 2325 Rodcrtt'
967 2261 1004 2326 do
1018 2263 1108 2326 Boos.

214 2437 342 2478 arraona
430 2431 586 2514 Cumque
611 2453 672 2496 rex
698 2440 818 2496 noster
839 2433 874 2495 in
900 2433 1051 2496 confinio
1074 2433 1329 2514 ‘permodicum

215 2489 296 2578 iridift
305 2489 331 2527 αθ
379 2531 610 2609 remaneret,’³
636 2552 715 2596 ecce
746 2532 885 2614 quidam
910 2551 955 2594 ex
985 2533 1124 2608 nostris,
1154 2533 1330 2596 Robertus

378 2632 511 2695 scilicet
533 2632 576 2695 de
599 2633 674 2696 Ros
698 2631 857 2694 dominus
882 2629 997 2694 Castri
1024 2632 1066 2694 de
1089 2631 1212 2708 Werk,
1238 2633 1330 2715 quod

377 2731 502 2794 ibidem
521 2732 671 2795 situatur
688 2732 723 2794 in
738 2730 899 2806 confinio,
915 2729 1060 2794 allectus
1080 2750 1196 2794 amore
1214 2731 1330 2815 cujus-

378 2829 457 2897 dam
481 2830 633 2894 mulieris
650 2829 693 2894 de
710 2850 836 2912 genere
859 2830 1040 2894 Scotorum
1059 2849 1163 2912 qnam
1185 2831 1220 2892 in
1242 2850 1330 2894 uxo-

378 2949 449 2992 rem
481 2930 605 2993 ducere
637 2936 878 3012 proposuerat,
911 2929 1010 2992 sratri
1040 2950 1104 2993 suo
1137 2922 1332 2994 willelmo*

378 3028 467 3098 dixit
490 3031 550 3111 qui
573 3049 651 3092 cum
669 3049 709 3094 eo
731 3036 805 3093 erat
826 3030 862 3092 in
883 3028 1002 3092 eodem
1025 3036 1152 3106 castro,
1170 3029 1331 3093 “Frater

378 3129 437 3204 mi,
463 3137 633 3193 secretum
655 3129 740 3192 mihi
762 3129 933 3211 quoddam
960 3134 1014 3191 est
1045 3129 1136 3210 quod
1166 3135 1201 3192 te
1223 3129 1331 3192 latere

378 3247 448 3290 non
461 3229 551 3292 volo.
605 3227 870 3292 Confoederatus
887 3227 975 3290 enirn
993 3247 1070 3290 sum
1093 3233 1190 3291 ‘cum
1208 3248 1331 3310 genere

379 3335 414 3390 ct
427 3329 544 3408 gente'
556 3325 568 3362 ⁵
582 3327 775 3405 Scotorum,
792 3327 843 3390 ita
852 3327 945 3408 qnod
960 3327 1002 3390 de
1018 3334 1145 3391 caetero
1160 3328 1209 3390 eis
1224 3327 1334 3391 fideli-

380 3434 432 3488 ter
448 3427 656 3504 consistam3
683 3445 775 3489 nunc
795 3445 878 3506 ergo
895 3427 974 3490 veni
989 3445 1136 3502 mecum,
1152 3433 1188 3489 et
1204 3427 1332 3489 erimus

379 3524 426 3586 ibi
444 3525 479 3587 in
498 3534 636 3604 gentem
654 3525 852 3606 magnam.''
905 3523 961 3589 Ad
982 3525 1056 3589 haec
1077 3525 1144 3600 ilie,
1169 3525 1332 3600 “Tana''

379 3624 501 3704 inquit,
518 3628 539 3657 “
550 3623 669 3687 frater.
703 3623 856 3688 Stultum
871 3625 959 3688 enim
976 3631 1041 3700 est,
1057 3624 1148 3705 quod
1165 3624 1201 3686 in
1218 3625 1333 3687 animo

380 3723 587 3804 concepisti:
625 3723 654 3786 si
688 3724 778 3786 enim
811 3724 876 3787 hoc
907 3725 1018 3806 egeris
1048 3742 1140 3786 mors
1173 3723 1237 3785 tibi
1268 3731 1334 3799 est,

417 3979 424 4008 ¹
444 3977 561 4044 ‘antem,’
573 3981 631 4032 MS.
644 3980 711 4031 Cott.
722 3981 781 4031 Tib.
871 3983 961 4031 rooned
978 3987 1004 4031 to
1026 3983 1178 4044 parliament
1199 3997 1229 4030 as
1252 3983 1337 4031 Baron

418 4047 677 4116 '‘congregatique,'
696 4052 754 4101 MS.
776 4051 844 4102 Oott.
872 4051 1341 4101 RoosofHamlakefromtheaardof

382 4121 439 4172 Tib.
871 4123 950 4185 June,
962 4126 1036 4181 1295,
1047 4126 1073 4171 to
1085 4122 1199 4171 October
1210 4126 1234 4184 6,
1247 4125 1320 4171 1315.

418 4187 428 4217 ³
447 4189 633 4252 ‘permaneret’
645 4191 703 4240 MS.
712 4190 780 4240 Gott.
787 4191 846 4240 Tib.

419 4256 508 4308 ⁴Thio
534 4260 667 4310 nobleman
695 4275 750 4309 was
778 4275 846 4310 surn-
908 4258 942 4290 ⁵‘
954 4275 1012 4310 cum
1025 4261 1118 4323 gente,'
1130 4261 1187 4310 MS.
1199 4260 1266 4312 Cott.
1279 4261 1336 4313 Tib.
