3166 4992
402 453 469 520 186
771 471 981 520 canonicos

252 765 348 856 {ring
349 767 383 858 919..
463 751 531 814 Bac
538 749 700 835 profectus
713 759 756 814 cst
769 751 804 816 io
820 750 966 829 Scottum,
983 759 1011 815 et
1027 751 1131 815 statim
1146 771 1292 816 reuersas.

239 967 378 1020 warena,
457 945 499 1009 ln
519 946 608 1010 festo
628 946 749 1011 Sancti
773 937 917 1010 Martini
944 947 980 1010 in
1006 947 1129 1030 hyeme
1152 949 1264 1013 tonuit
1289 969 1352 1013 rex

239 1019 368 1110 {titii-2
403 1046 669 1127 parliamentum
695 1047 786 1128 apud
815 1046 977 1125 Eburum,
1005 1055 1040 1112 et
1064 1047 1145 1111 inde
1178 1049 1352 1130 profectus

237 1118 335 1158 ’Μ
403 1151 456 1208 est
472 1165 550 1209 cum
571 1139 787 1223 ‘exercitu,'¹
804 1147 925 1210 voleus
938 1146 1124 1228 infringere
1139 1147 1351 1211 obsidionem
1428 1148 1431 1153 ’

403 1241 585 1308 Scotorum
600 1245 693 1308 circa
713 1245 894 1310 castellum
914 1245 957 1309 de
975 1245 1148 1335 Strivelin.
1193 1247 1350 1329 Cumque

238 1364 353 1415 manag
402 1345 577 1408 venissent
592 1343 685 1425 apud
703 1343 887 1427 Berewyk,
904 1344 1091 1426 disponens
1107 1346 1252 1409 ulterius
1266 1349 1349 1428 pro·

238 1415 375 1506 bethim
402 1441 521 1518 ficisci,
553 1443 787 1507 causabantur
809 1456 989 1525 magnates
1015 1446 1348 1528 inopportunitatem

402 1542 567 1624 temporis
597 1543 785 1622 brumalis3
824 1543 1025 1626 adjicientes
1057 1544 1350 1609 confirmationem

403 1639 587 1704 Camarum
604 1642 847 1722 praedictarum
869 1643 905 1706 in
928 1643 999 1706 suis
1017 1643 1172 1706 articulis
1187 1662 1255 1707 non
1272 1664 1348 1708 esse

400 1740 634 1817 observatam,
650 1760 713 1804 nec
730 1760 767 1805 se
784 1741 872 1804 velle
894 1743 930 1804 in
946 1761 1075 1806 vanum
1100 1743 1258 1808 laborare
1282 1744 1347 1831 nisi
1378 1797 1380 1800 .

399 1857 463 1902 rex
475 1840 550 1921 ipse
565 1840 735 1920 promissa
747 1839 969 1922 adimpleret3
994 1842 1094 1906 etsie
1109 1843 1239 1907 reversi
1254 1849 1346 1920 sunt,

399 1946 543 2021 accepto
562 1945 677 2002 tamen
699 1959 721 2002 a
743 1959 823 2020 rege
841 1940 934 2021 quod
957 1939 1147 2004 Londoniis
1169 1961 1346 2023 compare-

399 2044 476 2100 rent
488 2039 523 2100 in
536 2037 705 2120 principio
723 2036 1018 2120 Quadragesimae.
1054 2040 1135 2103 Rex
1148 2041 1252 2104 etiam
1266 2049 1346 2123 post

237 2153 388 2195 nooman
399 2136 610 2201 celebratum
627 2137 757 2202 Natale
770 2138 897 2201 ibidem
912 2138 1088 2221 profectus
1104 2147 1168 2216 est,
1184 2148 1219 2204 et
1235 2141 1346 2206 tenuit

234 2204 388 2244 meconflrmed
478 2237 485 2250 .
1170 2239 1177 2252 .
1371 2229 1373 2232 ·

236 2253 259 2291 n
269 2253 365 2302 erana
399 2236 663 2317 parhamentum
676 2255 775 2301 suum
789 2237 880 2319 apud
892 2237 1238 2312 westmonasterium
1255 2239 1347 2303 Lon-

234 2307 362 2392 iiiiii„-
399 2333 511 2400 doniis
533 2336 570 2398 in
596 2335 755 2418 sequenti
780 2334 1069 2418 Quadragesima,
1084 2338 1142 2400 ubi
1164 2337 1345 2402 confirma·
1370 2371 1372 2374 ·

235 2404 360 2451 “num''
398 2433 510 2497 tiones
534 2435 776 2524 praedictarum
800 2436 985 2500 cartarum
1006 2439 1197 2514 renovavit,
1216 2444 1250 2501 et
1271 2445 1343 2502 sta·

395 2538 473 2596 tuta
490 2533 572 2597 fecit
595 2553 700 2616 super
723 2527 864 2612 eisdem,
882 2556 961 2599 cum
978 2537 1054 2599 aliis
1074 2537 1246 2601 contentis
1269 2539 1352 2624 plu·¹

396 2631 500 2694 rimis.
553 2633 639 2714 Ipsa
661 2641 777 2697 autem
800 2642 934 2699 statuta
953 2636 1079 2698 ibidem
1102 2636 1196 2700 edita
1218 2635 1268 2698 sic
1289 2639 1343 2700 in·

393 2730 547 2812 cipiunt:
585 2733 694 2796 “Pur
723 2752 784 2796 ceo
813 2733 858 2798 ke
887 2735 938 2798 les
966 2737 1067 2817 poinn
1096 2735 1138 2798 de
1168 2735 1204 2798 la
1228 2734 1343 2800 Grant

343 2906 349 2914 Ι
394 2827 542 2894 Chartro
578 2831 638 2895 des
679 2833 881 2912 franchises,
911 2854 931 2898 e
966 2835 1002 2898 la
1034 2833 1181 2914 Chartre
1223 2835 1264 2897 de
1304 2837 1340 2898 la

396 2929 551 3008 Foreste,
566 2929 672 2997 etc.''²

688 3195 772 3262 Obiit
785 3197 1052 3285 Archimiccopus.

244 3424 305 3466 nn.
316 3425 373 3465 mr.
445 3410 577 3474 Eodem
593 3431 684 3476 anno
701 3413 787 3477 obiit
804 3412 979 3478 Henricus
1002 3415 1045 3479 de
1063 3415 1097 3478 N
1101 3415 1229 3493 ewerk,
1248 3417 1340 3481 Ebo-

228 3491 341 3590 fflssf’
393 3527 469 3570 rum
501 3509 791 3594 archiepiscopus,
827 3513 864 3576 in
903 3508 958 3576 die
990 3514 1251 3598 Assumptionis
1283 3535 1339 3579 as·

425 3776 434 3808 ¹
470 3780 607 3831 ‘exercitu
643 3784 758 3847 magno}
794 3787 852 3838 MS.
875 3789 950 3849 quire
958 3789 1111 3852 concerning
1121 3791 1342 3854 offencesageinst

390 3849 484 3902 Lansd.
600 3893 604 3906 ,
876 3859 921 3906 the
942 3856 1070 3918 chortem
1095 3861 1340 3922 regulationswere

876 3927 973 3976 immed
982 3929 1134 3992 concerning
1143 3927 1186 3978 the
1196 3931 1268 3992 royul
1280 3945 1340 3992 pur·

424 3985 435 4014 ²
451 3989 492 4050 By
504 3990 575 4038 these
585 3990 707 4056 Anticles,
714 3995 815 4056 printed
826 3996 852 4043 in
876 4011 976 4060 veyore‚
984 3997 1035 4046 and
1046 4012 1122 4060 many
1133 3999 1206 4048 other
1215 4001 1341 4049 excellent

388 4055 430 4104 the
452 4059 565 4109 statutos
586 4062 615 4110 of
635 4063 677 4112 the
700 4065 798 4128 Reolm,
819 4069 852 4114 28
876 4071 1031 4116 enactments
1048 4069 1136 4128 made3
1154 4069 1199 4132 all,
1212 4069 1340 4132 however,

389 4126 439 4174 Ed.
450 4128 474 4178 Ι.
486 4129 535 4179 vol.
552 4130 569 4178 i.
583 4134 641 4196 136,
658 4134 729 4183 three
741 4134 851 4196 justices
875 4137 939 4184 with
945 4137 988 4185 the
995 4137 1083 4186 clause
1089 4137 1118 4186 oi
1126 4139 1217 4200 saving
1223 4139 1265 4188 the
1271 4140 1341 4202 right

387 4210 455 4244 were
462 4200 599 4259 appointed
606 4202 702 4252 ineach
709 4204 776 4253 abire
783 4204 851 4252 toin·
876 4206 926 4254 aud
937 4207 1095 4270 prerogativa
1106 4208 1136 4256 os
1143 4208 1185 4257 the
1194 4208 1295 4259 Orown.
