3126 4986
370 449 426 526 ‘68
576 479 593 514 ν
696 467 964 521 'onsourcou

232 653 323 696 resur
337 650 356 695 r.
379 624 545 698 dendum.
591 627 753 696 Crastina
779 633 895 695 autem
920 627 976 693 die
1006 646 1084 718 cum
1115 625 1340 693 convenirent

220 704 372 771 —Q
382 733 506 800 iterum
523 730 692 808 universi,
709 731 800 794 idem
817 728 1063 794 Dunolmensis
1078 727 1115 791 in
1131 727 1269 792 Gallico
1288 728 1347 798 sic.

219 787 372 939 {ffffll
380 835 434 898 ait
447 853 467 898 :.
480 837 503 869 ‘⁸
517 829 659 896 Domini
675 827 857 905 carissimi
878 827 1074 910 requisistis
1099 827 1262 892 hesterna
1284 828 1340 892 die

380 931 560 998 dominum
576 937 736 995 nostrum
752 948 868 1010 regem
881 930 924 993 de
941 926 1098 1006 duobus;
1116 932 1126 962 ‘
1141 927 1221 991 Uno
1231 923 1253 959 '¹
1271 926 1339 990 sci·

382 1031 478 1110 licet,
493 1029 586 1114 quod
602 1049 648 1093 ex
663 1029 778 1111 gratia
792 1047 857 1092 sua
872 1047 968 1091 mera
982 1027 1186 1108 dignaretur
1196 1026 1340 1090 nuncios

385 1131 523 1197 mittere
538 1129 583 1194 ad
599 1149 716 1212 regem
731 1126 936 1204 Alemaniae,
947 1134 988 1190 ut
1002 1127 1078 1210 ejus
1095 1126 1246 1189 animum
1261 1124 1338 1188 alli·

386 1232 456 1295 ciat
467 1229 510 1294 ad
526 1234 645 1314 pacem
659 1227 877 1292 annuendam
894 1234 928 1290 et
941 1226 1042 1309 plene
1059 1223 1337 1290 confirmandam.

385 1329 481 1407 Alio,
521 1326 615 1412 quod
651 1327 784 1392 scilicet
814 1336 955 1408 treugas
993 1324 1196 1389 concederet
1228 1342 1339 1406 usque

384 1435 519 1512 certum
533 1431 682 1510 tempus
696 1425 786 1490 infra
801 1424 893 1508 quod
917 1425 960 1488 de
976 1423 1079 1507 plena
1094 1443 1180 1507 pace
1196 1423 1340 1488 tractari

385 1535 525 1610 posset3
552 1526 607 1592 vel
636 1527 732 1609 ipsas
758 1525 882 1589 saltem
912 1531 1054 1606 treugas
1086 1524 1232 1588 ulterius
1257 1542 1339 1606 pro·

384 1635 521 1709 rogare.
567 1623 622 1690 Ad
652 1625 800 1708 primum
820 1624 1004 1689 articulum
1029 1622 1214 1706 respondet
1239 1622 1339 1686 vobis

386 1722 545 1791 dominus
563 1733 682 1789 noster
698 1742 760 1788 rex
778 1723 850 1789 sic:
872 1721 1022 1802 “Quod,
1040 1723 1174 1787 ratione
1191 1730 1227 1786 et
1243 1739 1338 1786 reve

382 1825 499 1889 rentia
515 1826 685 1889 Romanae
701 1822 867 1901 ecclesiae,
886 1842 964 1904 quae
984 1823 1093 1886 totius
1116 1816 1210 1887 orbis
1232 1827 1339 1902 caput

384 1930 440 1988 est
466 1931 501 1989 et
523 1923 702 2004 magistra,
717 1930 753 1987 et
767 1922 947 1987 occasione
969 1940 1193 2005 personarum
1208 1917 1339 2000 vestra·

387 2043 475 2099 rum,
491 2025 551 2106 qui
567 2022 660 2086 illius
686 2022 839 2086 ecclesiae
864 2020 948 2086 estis
973 2023 1138 2098 membra,
1151 2019 1338 2101 habitaque

384 2123 661 2187 consideratione
695 2121 800 2187 vestri
829 2121 958 2185 laboris
988 2127 1023 2184 et
1057 2120 1155 2202 longi
1192 2119 1338 2198 itineris,

387 2221 575 2289 liberaliter
590 2221 747 2285 concedit
764 2221 860 2284 vobis
883 2241 946 2284 rex
963 2219 1106 2284 nuncios
1131 2238 1213 2283 suos
1233 2238 1339 2301 super

387 2321 452 2384 hoo
467 2319 608 2384 ¹ibidem
631 2318 841 2400 destinare.''.
891 2317 947 2383 Ad
981 2319 1075 2384 aliud
1107 2319 1176 2383 sic:
1204 2317 1335 2382 “Satis

386 2419 487 2483 vobis
519 2425 657 2483 constat
688 2426 724 2483 et
753 2418 847 2483 omni
878 2419 1008 2501 populo
1040 2418 1133 2501 quod
1163 2419 1338 2482 exercitus

388 2519 479 2600 regis
499 2517 656 2582 Franciae
679 2525 714 2583 et
741 2537 825 2600 gens
853 2536 918 2582 sua
944 2525 1020 2583 tota
1041 2518 1116 2602 jam
1139 2516 1254 2600 parati
1276 2536 1339 2581 ex·

383 2618 496 2680 -istunt
516 2625 558 2700 ut
573 2617 638 2680 sibi
660 2625 696 2681 et
711 2617 784 2682 suis
800 2616 950 2681 inferant
965 2618 1059 2682 mala
1081 2636 1160 2699 quae
1177 2624 1337 2698 possunt,

385 2715 478 2781 sicut
493 2715 671 2798 hucusque
688 2716 856 2794 fecerunt,
871 2717 1013 2781 interra
1027 2716 1109 2781 etin
1124 2716 1230 2796 mari;
1246 2716 1338 2779 unde

385 2815 462 2896 regi
494 2836 563 2880 non
598 2823 689 2881 esset
715 2836 872 2881 securum
905 2817 977 2880 suis
1009 2816 1196 2899 praecipere
1225 2833 1268 2878 ne
1299 2835 1337 2878 se

385 2913 619 2991 defenderent,
637 2915 705 2979 nisi
726 2921 887 2999 exparte
904 2915 1015 2980 altera
1040 2924 1132 2981 esset
1153 2913 1336 2979 inhibitum

386 3019 450 3080 ‘ne
462 3010 640 3078 ulterins'i
655 3021 961 3097 prosequerentur:
979 3023 1120 3098 propter
1133 3013 1225 3096 quod
1238 3014 1337 3090 vobis

386 3113 572 3196 respondet
588 3114 679 3196 qnod
700 3134 805 3196 quom
822 3113 892 3179 cito
907 3112 1156 3179 ‘constiterit'³
1174 3112 1205 3177 ei
1219 3132 1337 3195 regern

388 3213 601 3279 Francorum
612 3233 655 3276 ex
666 3222 764 3296 parte
775 3212 913 3278 suahoc
922 3213 1111 3278 inhibuisse
1120 3211 1176 3277 vel
1184 3211 1340 3276 inhibere

386 3311 489 3390 velle,
506 3313 625 3377 statim
649 3315 773 3395 etipse
799 3313 872 3376 suis
895 3313 960 3377 hoc
985 3312 1071 3377 illud
1098 3313 1190 3376 idem
1215 3313 1336 3394 praeci·

225 3425 344 3514 3331:qu
353 3425 378 3464 or
386 3410 511 3490 piendo
530 3411 719 3487 mandabit,
735 3411 799 3475 'scd
819 3419 901 3476 ante
923 3413 1027 3476 non.’'
1073 3412 1253 3494 Factoque
1274 3411 1337 3475 tali

223 3485 323 3574 cessi.
384 3518 563 3590 responso,
581 3517 616 3574 et
630 3515 773 3592 accepta
789 3509 956 3588 licentia‚⁴
974 3512 1102 3576 reversi
1121 3518 1202 3575 sunt
1225 3508 1337 3575 cardi·

385 3608 482 3672 nales
508 3610 543 3671 in
575 3609 770 3685 Franciam,
796 3610 887 3674 unde
917 3611 1013 3692 prius
1038 3621 1215 3674 venerant.
1246 3609 1336 3673 .Sed

382 3727 454 3771 uon
476 3713 559 3772 sunt
581 3709 711 3776 reversi
735 3710 857 3785 vacui3
878 3710 983 3774 immo
1004 3712 1129 3774 bursas
1144 3715 1337 3774 vacuantes

419 3896 426 3928 ¹
446 3899 571 3962 supplied
581 3900 645 3950 from
657 3900 716 3950 MS.
728 3901 823 3952 Iansd.
872 3906 898 3954 to
910 3901 1042 3965 conclude,
1053 3903 1079 3951 in
1090 3901 1131 3953 his
1146 3916 1230 3965 name,
1241 3907 1338 3954 atroce

418 3967 428 3997 ¹
445 3971 490 4018 ‘nt
496 3969 603 4019 ulterius
611 3970 678 4032 non,'
686 3969 743 4021 MS.
753 3972 848 4022 Lansd.
873 3973 936 4021 with
948 3972 1046 4035 Philip,
1056 3978 1083 4022 to
1096 3973 1146 4022 last
1157 3973 1197 4020 till
1208 3972 1250 4022 the
1262 3973 1339 4022 reuss

419 4037 429 4067 ⁸
442 4041 452 4068 ‘⁴
461 4039 638 4104 constituerit?
650 4041 706 4090 MS.
716 4041 783 4092 Cott.
791 4042 847 4095 Tib.
873 4041 902 4089 ol
909 4041 954 4090 All
964 4042 1049 4091 Saints
1058 4047 1119 4092 next
1127 4041 1276 4105 ensuing,il
1283 4041 1339 4090 that

418 4106 498 4158 *Tne
514 4109 701 4176 king·grented
717 4111 849 4162 tothele-
873 4111 992 4166 monarelr
1010 4111 1102 4164 should
1123 4111 1207 4162 desire
1225 4111 1254 4161 it.
1281 4111 1339 4159 not.

384 4183 456 4240 guen
466 4179 752 4244 letters-potentdated
763 4195 796 4231 on
806 4180 849 4230 the
875 4180 933 4233 Pet.
949 4184 981 4230 2⁸
997 4181 1072 4232 Edw.
1084 4181 1107 4231 1.
1124 4185 1218 4241 rn.10;
1234 4181 1339 4242 Rymer,

384 4247 443 4308 lttlr
454 4247 484 4296 ol
491 4247 771 4313 Augustautlrorizing
780 4250 849 4300 them
874 4251 994 4314 Foedera,
1005 4252 1023 4304 i.
1035 4254 1093 4304 eal.
