3144 4990
429 509 599 558 weuram
622 511 669 558 nn
692 483 974 562 nnuruoaonon.
1100 495 1168 559 405

218 664 278 748 qui
325 684 444 731 curam
494 675 529 732 et
584 669 737 750 regimen
787 675 934 752 possent
980 667 1165 732 salubriter
1176 685 1268 726 aanor
1280 685 1318 727 111

216 783 394 848 peragere,
420 774 455 830 et
479 767 593 831 forent
616 788 681 851 pro
703 770 833 833 nostris
856 776 892 832 et
916 767 1063 851 publicis
1080 735 1317 866 οου-Τῒοᾜ

217 863 304 926 siliis
336 866 534 949 opportuni,
556 867 708 939 studium
731 868 893 932 deserunt
914 874 1056 950 propter
1081 869 1326 968 pro-pgfffflg,

217 963 380 1028 motionis
417 984 580 1046 congrum
611 985 706 1049 spem
740 967 904 1044 ablatam,
933 985 1012 1049 quse
1036 965 1163 1030 divinae
1176 968 1292 1008 ¹²¹⁰V¹⁸⁰¹r
1325 999 1330 1006 ·

218 1061 346 1128 scimus
372 1084 442 1146 non
469 1083 546 1128 esse
570 1063 700 1147 placita
725 1065 909 1130 voluntati.
962 1064 1161 1148 Quinimmo

218 1179 325 1241 greve
351 1170 509 1240 nostrum
539 1171 575 1228 et
602 1163 753 1228 fidelium
783 1171 987 1242 nostrorum
1002 1171 1164 1228 versatur

217 1259 253 1322 in
299 1261 539 1344 praejudicium
588 1269 623 1327 et
674 1263 914 1328 inaestimabile
958 1263 1162 1346 periculum,

216 1359 283 1422 nisi
315 1379 420 1441 super
448 1360 514 1425 boc
545 1360 648 1426 citius
681 1369 717 1426 et
746 1361 938 1438 consultius
964 1380 1161 1427 caveamus.

219 1456 255 1520 N
257 1477 313 1522 am
332 1459 393 1542 jus
417 1466 635 1541 patronatus,
652 1460 746 1544 qnod
769 1479 833 1525 nos
858 1467 895 1525 et
915 1459 1034 1536 fideles
1051 1461 1162 1524 nostri

217 1555 254 1618 in
303 1557 431 1622 talibus
483 1559 677 1623 obtinemus
723 1559 911 1636 beneficiis,
951 1559 1160 1636 enervatum

218 1656 315 1720 curia
352 1656 483 1734 nostra,
518 1659 555 1722 iu
590 1677 660 1740 qua
696 1658 870 1723 duntaxat
906 1675 1021 1734 causae
1059 1675 1164 1739 super

213 1753 296 1836 jure
319 1762 523 1837 patronatus
552 1757 722 1821 dictorum
747 1757 989 1822 beneficiorum
1020 1757 1163 1820 tractari

218 1851 356 1932 debent,
385 1855 577 1929 deluditur3
604 1857 649 1921 'et
676 1856 726 1919 sic
759 1855 843 1938 jura
869 1873 1006 1919 coronae
1034 1861 1166 1932 nostrae,
1224 1909 1228 1914 .

219 1958 291 2015 tam
330 1956 495 2036 probrose
529 1973 634 2036 quam
667 1955 832 2018 damnose
879 1953 1080 2036 depereunt,
1126 1959 1161 2016 et

217 2052 316 2132 regni
358 2051 543 2118 thesaurus
588 2053 633 2116 ad
677 2060 877 2129 extraneos,
922 2070 966 2116 ne
1007 2051 1162 2116 dicamus

218 2157 356 2216 nostros
391 2151 585 2228 malivoloS,
625 2157 834 2234 asportatur,
859 2150 981 2214 subtili
1016 2150 1162 2214 forsitan
1215 2177 1217 2181 ·

218 2249 430 2332 conjectura,
468 2259 517 2326 et*
541 2251 642 2332 regni
680 2247 844 2332 depresso
886 2247 1092 2326 sacerdotio,
1126 2255 1162 2312 et

216 2346 356 2430 ‘tejas'1
393 2349 565 2412 exhausto
605 2349 779 2428 thesauro,
822 2348 977 2413 redditur
1017 2367 1162 2429 regnum

218 2445 329 2510 debile
355 2449 390 2511 in
417 2447 582 2524 adversis,
599 2467 678 2531 qnae
705 2447 844 2528 singula
870 2454 905 2511 et
931 2446 1001 2510 alia
1025 2465 1103 2528 quae
1116 2465 1162 2509 ex

218 2547 405 2625 praemissis
427 2553 619 2628 sequuntur
639 2545 866 2622 incommoda,
883 2545 1023 2608 fuerunt
1044 2563 1162 2608 coram

217 2645 316 2708 nobis
341 2645 376 2707 in
399 2645 627 2728 parliamento
656 2643 774 2709 nostro
793 2643 953 2726 'generali
976 2661 1039 2725 per
1066 2661 1161 2706 com-

217 2744 429 2808 munitatem
445 2744 529 2808 dicti
556 2744 654 2826 regni
677 2743 793 2826 palam
814 2742 985 2824 exposita,
1008 2741 1163 2805 unanimi

218 2849 253 2905 et
285 2843 435 2907 ferventi
471 2841 640 2924 petitione
680 2842 878 2926 subjuncta,
899 2837 948 2904 ut
978 2839 1162 2923 -praedictis

121 2931 124 2937 ’
218 2939 406 3023 dispendiis
428 2959 507 3023 quae
529 2940 704 3020 praediotae
736 2938 973 3003 communitati
992 2938 1163 3002 uidentur

217 3038 633 3114 intolerabilia-celeriter
652 3035 884 3101 occurremus.
938 3035 1015 3099 Nos
1043 3043 1160 3100 autem

220 3136 425 3219 Anglioanae
459 3136 713 3218 depressionem
751 3134 905 3199 ecclesiae
932 3140 968 3198 et
1003 3132 1160 3197 exhaere-

218 3236 399 3300 dationem·
416 3254 551 3299 coronae
576 3229 693 3316 regiae,
711 3253 752 3299 ac
782 3231 873 3297 mala
897 3233 1063 3315 praedicte
1083 3251 1162 3315 qum

218 3335 437 3399 dissimulata
460 3334 592 3398 diutius
616 3333 806 3418 adjicerent
828 3329 1058 3396 verisimiliter
1079 3330 1159 3412 gra·

217 3435 327 3508 viora,
352 3433 473 3516 patulo
501 3440 680 3497 cernentes
711 3432 861 3508 intuitu,
875 3431 919 3494 ed
937 3430 1004 3493 'vos
1025 3448 1161 3493 succes-

188 3549 191 3552 ·
216 3545 329 3597 sorem
353 3531 589 3616 apostolorum
612 3531 788 3614 principis,
803 3528 1161 3611 qui-adsspascendum

217 3652 285 3696 non
312 3632 356 3696 ad
384 3631 594 3696 tondendum
617 3634 700 3694 ores
719 3626 931 3705 Dominioas',
947 3637 988 3690 a‘c
1011 3626 1055 3690 ad
1077 3645 1160 3690 oon-

217 3730 404 3797 firmandos
447 3750 514 3794 non
556 3729 601 3792 ad
639 3727 879 3811 deprimendos
915 3726 1040 3790 fratres
1078 3743 1161 3789 suos

217 3825 418 3893 mandatum
452 3847 474 3892 a
510 3827 650 3894 Christo
681 3827 845 3907 suscepit,
874 3826 943 3888 ista
973 3823 1160 3886 deferimus

215 3929 343 3993 votivis
378 3927 557 3990 affectibus
597 3925 842 4008 supplicantes,
868 3920 1032 4004 quatinus
1071 3931 1161 4002 prae·

215 4027 331 4090 missis
368 4025 483 4089 debite
515 4024 729 4106 ponderetis,
756 4041 797 4085 ac
822 4020 1041 4085 considerato
1069 4017 1161 4099 quod

472 4271 476 4277 ·
492 4247 499 4276 ¹
518 4243 639 4311 ‘aerarii'
652 4245 789 4296 MS.-Coli.
802 4244 893 4306 Magd.
