3138 4988
404 455 472 520 346
773 471 984 519 canonicos

243 651 334 695 sauna
349 617 393 688 ru.
406 625 602 708 Anglorum
633 626 837 709 dispositam
868 626 1079 709 modumque
1108 626 1283 707 viderent3
1321 635 1357 692 et

244 701 393 772 Q
406 725 564 790 videntes
587 726 848 808 dispositionem
873 727 1047 790 exercitus
1077 727 1239 792 admirati
1260 736 1356 791 sunt.

407 824 741 908 Considerantesquo
762 844 881 907 regem
902 835 938 890 et
958 845 1041 890 suos
1059 827 1103 890 ad
1119 827 1303 898 vivendum
1318 835 1354 890 et

405 924 619 988 moriendum
630 933 785 1005 paratos,
797 925 962 1006 vultuque
970 931 1006 988 et
1015 925 1131 988 animo
1146 933 1355 1001 constantes,

405 1023 552 1088 multum
585 1023 729 1086 animati
761 1023 805 1086 ad
840 1024 932 1087 acies
962 1013 1044 1087 suas
1071 1025 1256 1088 redierunt.
1309 1025 1356 1088 Et

404 1123 498 1186 misit
530 1140 592 1185 rex
623 1122 791 1204 quosdam
824 1121 867 1186 de
893 1123 966 1186 suis
993 1124 1053 1204 qni
1079 1123 1228 1204 patriam
1254 1143 1354 1188 exer-

404 1222 580 1303 citumque
617 1221 829 1285 Francorum
874 1222 1119 1303 explorarent:
1164 1223 1224 1304 qui
1261 1223 1354 1286 cirea

404 1321 549 1401 primam
564 1319 717 1404 ejusdem
732 1319 800 1384 diei
813 1328 1041 1397 revertentes,
1053 1321 1223 1403 quendam
1241 1319 1353 1384 Galli-
1394 1315 1401 1326 '

404 1437 482 1482 cum
504 1426 645 1500 captum
672 1437 790 1482 secum
821 1419 1000 1484 adducunt
1028 1438 1144 1484 coram
1170 1439 1262 1500 rege,
1292 1422 1352 1501 qui

406 1516 562 1581 Gallicos
586 1517 791 1582 festinanter
818 1517 982 1582 advenire
1005 1525 1041 1582 et
1067 1519 1111 1582 ad
1133 1538 1286 1601 pugnam
1313 1539 1352 1582 se

404 1635 527 1698 parare
550 1617 693 1681 firmiter
714 1617 871 1681 asserant.
924 1617 970 1681 Et
992 1625 1210 1682 accesserunt
1232 1619 1351 1683 statim

404 1715 521 1797 plures
549 1716 593 1779 ad
615 1735 746 1798 regem,
763 1723 800 1780 et
822 1707 949 1780 milites
973 1717 1017 1780 de
1043 1735 1148 1779 manu
1172 1717 1247 1800 ejus
1266 1717 1351 1782 facti

403 1823 496 1878 suut.
542 1815 629 1878 Post
643 1814 717 1880 haec
732 1835 795 1878 rex
808 1813 945 1896 Angliae
961 1824 996 1880 et
1013 1816 1154 1880 comites
1167 1817 1210 1879 de
1222 1815 1351 1880 North-

403 1921 546 1996 ampton
556 1922 592 1978 et
607 1914 763 1978 Salisbiri
773 1913 888 1978 afferri
904 1915 985 1979 vina
994 1915 1187 1997 jusserunt,
1200 1924 1237 1978 et
1246 1915 1350 1980 etiam

403 2031 531 2094 magna
550 2020 712 2094 potantes
731 2013 865 2089 loetitia,
881 2014 980 2078 miles
1000 2013 1120 2078 eodem
1147 2014 1203 2078 die
1227 2020 1350 2096 captus

401 2113 467 2176 sub
489 2113 685 2177 conditione
707 2118 872 2194 sequente
898 2111 1005 2176 vitam
1034 2119 1070 2176 et
1091 2114 1245 2176 membra
1266 2133 1350 2176 eon·

399 2219 543 2276 secutus
573 2220 637 2275 est.
689 2212 845 2276 Mittitur
868 2230 951 2292 ergo
972 2212 1016 2275 ad
1039 2231 1155 2293 regem
1181 2212 1349 2288 Franoiae,

402 2312 458 2374 cui
483 2319 518 2375 et
545 2311 673 2375 diceret
702 2311 794 2393 quod
823 2310 969 2374 curiales
999 2319 1033 2374 et
1059 2311 1186 2392 probos
1212 2330 1249 2374 se
1280 2331 1349 2374 non

401 2411 624 2475 ostenderent
644 2429 708 2474 rex
731 2410 888 2473 Francia
911 2417 946 2474 et
966 2429 1053 2492 gens
1075 2429 1151 2484 sua,
1171 2430 1234 2473 neo
1260 2410 1350 2475 sicut

401 2507 564 2572 deberent
600 2508 774 2585 fecissent,
818 2508 973 2573 homiues
1013 2509 1190 2573 laboribus
1238 2509 1348 2573 fessos

400 2606 511 2670 indies
544 2607 647 2671 modo
682 2608 744 2670 tali
780 2609 1080 2689 procrastinando,
1110 2628 1155 2672 ex
1187 2628 1256 2690 quo
1286 2628 1349 2690 per

400 2705 519 2769 literas
546 2723 629 2769 snas
652 2705 708 2770 die
731 2707 912 2788 assignata
931 2708 1076 2784 ardenti,
1093 2715 1133 2772 ut
1153 2706 1347 2784 videbatur,

401 2803 569 2884 desiderio
604 2805 733 2869 bellum
772 2805 1027 2887 implorassent.
1092 2806 1270 2888 Regresso
1303 2808 1348 2870 ad

399 2923 483 2968 suos
507 2904 616 2969 milite
644 2905 824 2988 praedicto,
852 2907 1020 2986 processit
1047 2925 1111 2970 rex
1139 2904 1278 2986 Angliae
1302 2907 1347 2970 ad

399 3005 586 3069 videndum
603 3011 639 3068 et
656 3005 941 3068 considerandum
957 3005 1066 3069 aciem
1081 3024 1193 3081 suam,
1210 3025 1288 3086 quae
1310 3005 1347 3068 iu

399 3111 470 3168 tres
482 3105 557 3169 alas
574 3123 636 3168 seu
652 3105 745 3168 acies
758 3104 871 3168 divisa
887 3102 975 3169 fuit)
1023 3104 1067 3168 In
1079 3123 1224 3186 quarum
1236 3105 1348 3185 prima

398 3203 540 3269 fuerunt
552 3203 873 3286 dominiepiscopus
889 3203 1153 3279 Liucolnieusis‚
1171 3204 1347 3273 Hearicus

399 3303 441 3367 de
465 3303 678 3386 Burghasse,
705 3304 881 3368 Henricus
901 3303 945 3366 de
967 3302 1145 3379 Flandria,
1167 3303 1346 3368 iohannes

395 3402 519 3479 Darei,
561 3403 736 3466 Hemicus
773 3403 816 3466 de
855 3402 1036 3479 FerrariiS,
1075 3401 1266 3465 Edwardos
1303 3401 1347 3466 de

393 3500 714 3576 ‚Monte-Hermeri,
730 3502 753 3566 J
756 3502 907 3565 ohannes
931 3500 974 3565 de
988 3501 1219 3580 Bellomonte,
1237 3500 1346 3564 domi·

434 3664 441 3693 ¹
459 3667 580 3730 Mezeray
597 3668 726 3717 estimates
747 3667 789 3715 the
807 3668 860 3715 Eu·
884 3667 980 3716 Franco
1002 3666 1094 3715 floated
1116 3667 1142 3713 in
1163 3665 1206 3715 the
1227 3666 1282 3726 air;
1305 3663 1348 3712 the

397 3736 463 3798 glish
475 3751 546 3796 army
556 3740 583 3784 at
599 3736 664 3796 sorty
679 3735 805 3784 thousand
817 3751 859 3785 oa·
885 3737 967 3798 Kings
986 3736 1015 3785 of
1031 3737 1137 3798 France,
1154 3735 1279 3797 Navarra,
1297 3735 1348 3781 Bo-

396 3807 468 3867 valry
489 3807 540 3854 and
558 3806 627 3867 sixty
650 3806 776 3855 thousand
798 3806 859 3868 ioot,
884 3807 976 3868 hemia,
987 3807 1036 3854 and
1048 3805 1169 3854 Scotland
1180 3803 1346 3852 commanded

395 3877 472 3926 while
499 3877 542 3926 the
573 3876 670 3925 Frenob
703 3876 770 3924 lorce
803 3891 858 3925 was
883 3877 909 3923 in
928 3891 1029 3936 person,
1048 3874 1229 3935 accompanied
1251 3874 1286 3935 by
1303 3873 1346 3921 the

395 3947 500 4008 equally
517 3946 644 4006 brilliant;
660 3946 700 3995 for
715 3945 811 4007 though
832 3947 858 3993 in
882 3945 976 3994 Dukes
1011 3945 1040 3993 os
1073 3944 1231 4004 Normandy,
1256 3943 1348 4004 Berry,

393 4017 504 4078 infantry
526 4016 681 4080 inferior-by
700 4017 778 4064 about
799 4029 858 4064 one·
883 4015 1012 4075 Bourbon,
1047 4013 1184 4075 Bretague,
1216 4013 1347 4074 lumine,

393 4087 458 4149 fifth,
475 4088 542 4136 their
558 4087 662 4147 cavalry
679 4100 735 4135 was
754 4085 857 4148 double,
881 4084 933 4133 and
955 4083 1106 4144 d’Alhenes,
1125 4082 1189 4132 with
1213 4082 1344 4142 thirty-six

391 4161 443 4204 two
455 4157 570 4205 hundred
581 4157 631 4204 and
642 4160 738 4216 twenty
749 4156 857 4203 banners
882 4158 980 4215 conns,
991 4153 1042 4202 and
1060 4154 1139 4202 above
1155 4155 1220 4199 4000
1232 4151 1345 4214 knights.

391 4226 420 4275 of
439 4226 482 4274 the
504 4230 569 4275 most
587 4226 661 4274 noble
681 4226 812 4287 seigaeurs
830 4224 859 4273 of
882 4225 1012 4286 Mezeray,
1025 4223 1095 4273 llist.
1107 4223 1137 4272 ii.
1149 4227 1205 4270 308.
