3138 4988
410 426 476 490 272
780 439 987 486 eunonreon

258 613 390 704 fflgupagg
412 599 596 662 arduorum
628 597 735 660 totius
764 597 875 678 regni,
902 597 992 660 siout
1021 595 1160 658 homo
1150 593 1364 674 imaginosus

250 745 370 794 Hm,
412 707 448 762 et
476 697 710 772 cautissimus,
736 697 873 759 nomine
896 695 1074 759 Walterus
1098 694 1141 757 de
1169 693 1364 773 Langeton.

250 795 365 885 ¹52⁰,ng
413 797 580 877 Misitque
596 815 673 859 eum
690 795 735 858 ad
757 814 873 876 regem
890 803 1023 877 patrem
1039 813 1140 856 suum
1163 811 1226 874 pro
1243 791 1362 854 eodem

412 897 573 977 negotio:
612 903 648 958 et
676 894 767 957 dixit
796 895 882 975 regi,
915 899 937 928 “
952 893 1101 958 Domine
1134 892 1181 954 mi
1212 910 1287 966 rex,
1317 910 1363 953 ex

413 1001 512 1078 parte
543 993 671 1056 domini
707 993 775 1056 mei
804 993 934 1056 domini
965 992 1131 1074 principis
1165 989 1225 1052 filii
1256 991 1369 1052 vestri
1553 1055 1554 1070 χ

414 1094 552 1170 missus,
572 1091 654 1156 licet
683 1092 826 1168 invitus,
858 1091 945 1156 vivit
969 1091 1154 1163 Dominus,
1184 1095 1225 1151 ut
1253 1088 1363 1170 ipsius
1472 1075 1476 1084 ’

413 1194 551 1256 nomine
573 1200 689 1273 petam
711 1210 733 1253 a
755 1191 853 1254 vobis
877 1189 967 1272 quod
992 1189 1228 1252 bachelarium
1250 1206 1363 1262 suum,

414 1291 589 1355 dominum
601 1289 744 1353 Petrum
757 1290 801 1353 de
813 1289 1017 1364 Caberston,
1029 1289 1140 1371 possit
1149 1305 1363 1369 promovere,

414 1390 457 1453 de
485 1390 624 1454 licentia
653 1396 782 1465 vestra,
812 1390 854 1453 ad
886 1388 1088 1453 comitatum
1118 1387 1161 1450 de
1188 1384 1363 1468 Pontyff.''

416 1489 463 1553 Et
473 1489 583 1552 iratus
600 1506 662 1550 rex
679 1487 813 1564 ‘nimis,
828 1489 878 1552 ait
888 1486 935 1552 :⁹¹
960 1486 1083 1565 “Quis
1097 1506 1133 1548 es
1146 1494 1196 1560 tu,
1209 1484 1365 1566 quitalia

416 1587 523 1651 audes
536 1585 742 1670 postulare?
777 1586 878 1651 Vivit
889 1586 1060 1650 Dominus
1077 1585 1145 1648 nisi
1155 1591 1247 1647 esset
1262 1582 1365 1646 timor

416 1685 567 1762 Domini,
588 1693 623 1750 et
647 1684 738 1767 quod
766 1687 810 1748 ab
836 1687 935 1749 initio
960 1685 1090 1760 dixisti,
1115 1683 1205 1766 quod
1234 1673 1364 1745 invitus

414 1783 596 1867 suscepisti
622 1785 813 1866 negotium,
834 1804 905 1848 non
924 1784 1089 1848 evaderes
1110 1801 1233 1846 manus
1256 1801 1362 1844 meas.

416 1883 520 1947 Nunc
538 1889 654 1948 autem
675 1883 811 1960 videbo,
829 1883 913 1964 quid
935 1883 1089 1947 dicturus
1114 1881 1179 1945 erit
1195 1880 1254 1962 qui
1271 1880 1364 1942 misit

415 1989 462 2058 te,
478 1991 512 2046 et
536 2001 605 2048 non
630 1982 808 2047 recedas.''
862 1981 941 2060 Quo
960 1989 1095 2056 vocato,
1113 1980 1202 2042 dixit
1224 1980 1255 2042 ei
1280 1997 1363 2054 rex3

417 2080 548 2159 “Quid
582 2084 712 2162 negotii
743 2081 867 2145 misisti
903 2101 966 2164 per
996 2080 1168 2144 hominem
1206 2078 1365 2141 istuml’'

417 2179 487 2258 Qui
499 2181 560 2256 ait,
575 2186 597 2215 ‘⁴
610 2180 661 2245 Ut
673 2201 752 2245 cum
765 2199 851 2262 pace
860 2188 976 2244 vestra
986 2180 1068 2243 dare
1078 2197 1213 2261 possem
1224 2176 1363 2240 domino

418 2278 525 2343 Petro
543 2279 586 2343 de
604 2278 795 2343 Caberston
814 2281 1013 2343 comitatum
1031 2278 1074 2341 de
1089 2275 1265 2360 Pontyff.''
1319 2275 1365 2338 Et

417 2378 468 2442 ait
490 2397 564 2454 rex,
587 2378 690 2440 “Fili
717 2378 917 2454 meretricis,
941 2377 1031 2441 male
1052 2384 1228 2458 generate,
1250 2376 1303 2437 vis
1326 2383 1364 2438 tu

417 2476 520 2540 modo
547 2484 658 2540 terras
689 2476 772 2539 dare
800 2477 859 2558 qui
891 2496 1066 2558 nunquam
1095 2475 1230 2556 aliquas
1257 2474 1365 2554 impe-

418 2574 545 2638 trasti?
598 2575 697 2639 Vivit
717 2575 898 2651 Dominus,
916 2576 982 2638 nisi
1006 2582 1098 2638 esset
1114 2576 1216 2638 timor
1235 2572 1365 2654 disper-

419 2673 525 2737 sionis
540 2673 649 2755 regni,
666 2693 840 2755 nunquam
862 2675 1031 2754 gauderes
1047 2672 1250 2737 haereditate
1270 2671 1364 2734 tua.''

419 2772 467 2836 Et
481 2772 704 2854 apprehensis
716 2773 851 2855 capillis
866 2781 1015 2856 utraque
1030 2792 1147 2849 manu,
1162 2771 1366 2834 dilaceravit

420 2890 479 2934 eos
491 2872 529 2934 in·
542 2879 711 2954 quantum
726 2872 851 2954 potuit,
868 2873 947 2936 etin
959 2871 1026 2936 fine
1037 2873 1150 2935 lassus
1161 2871 1263 2954 ejecit
1275 2889 1363 2932 eum.

420 2969 626 3052 Statimque,
648 2973 781 3036 vocatis
805 2971 1004 3053 proceribus
1031 2972 1116 3047 suis,
1136 2970 1196 3052 qui
1221 2988 1299 3033 eum
1324 2988 1365 3032 eo

420 3078 519 3134 eraut
535 3070 571 3134 in
591 3088 717 3151 guerra
740 3089 805 3133 sua
827 3089 948 3135 versus
971 3070 1136 3146 Scotiam,
1152 3063 1199 3144 et,
1214 3086 1365 3131 commu-

254 3187 367 3284 Repudia
420 3169 535 3233 niceto
563 3185 642 3232 cum
670 3171 719 3232 eis
752 3169 908 3244 oonsilio,
938 3169 1020 3232 fecit
1049 3169 1162 3250 ipsum
1193 3167 1365 3230 dominum

255 3246 374 3326 divitur.
421 3266 564 3332 Petrum
586 3268 629 3331 de
650 3267 849 3332 Gaverston
866 3267 996 3349 jurare,
1013 3268 1105 3348 quod
1128 3267 1204 3349 ipso
1228 3267 1373 3328 vivente·

419 3385 532 3447 nequo
557 3373 694 3430 mortuo
711 3385 887 3448 nunquam
911 3386 932 3430 a
954 3365 1024 3429 lilio
1049 3385 1113 3430 suo
1140 3372 1251 3428 terras
1275 3363 1366 3427 acci·

420 3471 530 3545 peret,
545 3470 580 3527 et
600 3464 691 3544 quod
713 3464 871 3528 exularet
890 3484 912 3527 a
933 3483 1039 3544 regno
1055 3463 1193 3544 Angliae
1208 3482 1272 3526 suo
1287 3481 1365 3544 per·

420 3569 537 3642 petuo,
560 3569 689 3625 eertum
713 3562 804 3626 diem
825 3562 956 3626 habens
982 3571 1022 3626 ut
1045 3564 1157 3626 exiret
1176 3563 1240 3626 sub
1262 3580 1366 3643 poena

421 3659 565 3772 capitis;
585 3679 644 3741 qm
656 3679 705 3723 sic
715 3662 765 3724 ita
780 3661 872 3725 feeit.
899 3662 1066 3744 Fecitque
1077 3681 1138 3725 rex
1148 3661 1257 3724 filium
1266 3679 1365 3723 suum

255 3777 393 3876 {geangilpy
417 3757 536 3842 jurare
557 3758 650 3841 quod
676 3778 852 3840 nunquam
878 3761 908 3823 ei
932 3767 1041 3824 terras
1069 3761 1178 3824 daret
1224 3759 1366 3823 Mortuo

288 3839 330 3868 ’π
420 3863 534 3920 autem
551 3877 645 3938 rege,
660 3865 694 3922 et
714 3859 865 3922 nondum
888 3859 999 3923 adhuc
1016 3858 1163 3941 sepulto,
1180 3857 1303 3921 misit
1293 3876 1374 3938 rpse

420 3955 511 4020 filius
546 3977 655 4022 novus
687 3977 749 4021 rex
782 3958 912 4021 celeres
942 3959 1095 4032 nuncios
1126 3966 1160 4021 et
1190 3956 1368 4019 revocavit

625 4178 631 4206 ¹
649 4181 740 4229 ‘minis
751 4180 805 4242 ait,’
817 4181 873 4229 MS.
887 4179 917 4230 O.
930 4180 1005 4231 (1.0.
1018 4181 1091 4230 Cant.
1105 4185 1159 4230 100.
