3144 4990
394 457 461 530 888
771 476 981 526 canonicos

230 649 384 740 'i'tlall
397 635 441 698 ad
464 633 576 699 officia
604 634 743 716 publica
767 634 803 697 in
828 635 929 698 terris
956 641 1086 699 nostrae
1112 632 1236 700 ditioni
1264 627 1347 696 sub-

236 729 346 831 ffissm'ffi,
370 728 506 818 'jectia
532 734 645 814 dignis
670 741 705 798 et
734 734 952 799 benemeritis
980 733 1183 815 postpositis
1207 741 1242 796 et
1267 739 1278 772 ‘
1290 749 1346 795 rm

235 833 387 931 {fflgffig
398 831 549 916 pulsis’²
566 833 726 914 indignos
744 833 906 911 admisit;
930 834 1107 916 multaque
1131 832 1200 896 alia
1227 832 1344 895 animo

237 934 361 974 ΝΟΜ·
398 933 565 997 infrunito
582 941 710 997 temere
725 938 934 1014 attemptare
944 933 1174 1014 praesumpsit,
1185 931 1220 994 in
1231 938 1345 995 status

396 1032 509 1098 nostri
524 1032 769 1097 detrimentum
789 1040 825 1096 et
846 1032 1026 1113 dignitatis
1035 1033 1142 1113 regiae
1156 1031 1345 1106 laesionem,

400 1151 441 1199 ac
462 1131 583 1215 populi
605 1131 704 1197 nobis
728 1131 858 1195 subditi
887 1131 1051 1195 damnum
1074 1150 1143 1194 non
1170 1129 1345 1194 modicum

400 1243 436 1296 et
458 1251 656 1313 gravamen,
679 1238 854 1312 potestate
875 1230 1005 1295 tradita
1021 1239 1056 1294 et
1078 1230 1261 1296 commisso
1279 1230 1346 1292 sibi

399 1329 513 1395 officio
545 1330 741 1403 abutendo;
777 1330 838 1412 qui
867 1331 897 1392 si
921 1331 957 1394 in
983 1331 1075 1394 elata
1103 1329 1345 1402 obstinatione,

401 1439 437 1496 et
457 1430 632 1494 obstinata
652 1429 838 1492 rebellione
859 1436 895 1493 et
918 1431 1121 1495 continuata
1143 1428 1347 1510 perstiterit,

400 1529 561 1611 congruis
592 1528 669 1592 looo
702 1535 737 1592 et
766 1535 921 1609 tempore
956 1531 1162 1594 intendimus
1192 1528 1347 1609 apertius

401 1628 588 1693 declarare.
611 1627 734 1704 Vobis,
745 1627 889 1691 firmiter
897 1630 1119 1713 injungendo,
1129 1626 1347 1702 mandamus

402 1729 566 1811 quatinus
596 1726 670 1792 baec
699 1727 817 1790 omnia
848 1735 883 1792 et
912 1729 1049 1811 singula
1078 1727 1279 1809 singillatim
1309 1732 1345 1790 et

401 1828 505 1904 clare,
534 1826 621 1890 locis
646 1827 771 1910 quibus
795 1829 980 1909 ‘expedire
1006 1824 1203 1892 videritis’²
1233 1824 1347 1907 publi-

401 1928 487 1992 cetis
501 1934 537 1991 et
559 1925 696 1990 faciatis
722 1945 783 2008 per
803 1926 889 1991 alios
910 1929 1102 2010 publicari3
1128 1927 1220 2008 piam
1237 1925 1347 1989 inten-

400 2028 532 2092 tionem
561 2045 666 2108 quam
695 2025 861 2089 babemus
893 2027 937 2092 ad
966 2027 1190 2092 subducenda
1217 2025 1346 2089 incom-

400 2127 504 2191 moda
541 2132 576 2189 et
617 2125 854 2207 promovenda
895 2127 1075 2192 commoda
1121 2125 1346 2201 subditorum,

400 2227 496 2308 ipsis,
516 2225 624 2309 juxta
652 2224 770 2288 datam
801 2232 836 2288 et
865 2227 963 2292 vobis
990 2247 1012 2292 a
1038 2227 1114 2291 Deo
1142 2225 1347 2307 sapientiam

400 2324 692 2401 commendantes
718 2324 817 2388 etin
846 2324 912 2390 hiis
942 2327 1060 2391 taliter
1090 2344 1153 2390 vos
1183 2325 1349 2388 habentes

403 2424 494 2508 quod
531 2433 683 2489 restrum
714 2423 900 2489 debeamus
926 2426 1193 2491 sollicitudinem
1226 2424 1348 2487 merito

403 2524 651 2588 commendare.
712 2523 819 2586 Teste
848 2525 979 2608 meipso
1012 2526 1104 2608 apud
1127 2524 1349 2589 Westmona·

402 2624 545 2687 sterium
565 2628 657 2686 ‘xm
679 2620 734 2686 die
757 2622 976 2691 Februarii*
1005 2644 1095 2693 anno
1119 2625 1217 2706 regni
1242 2622 1351 2687 nostri

403 2722 492 2788 xv.''

473 2945 614 3026 Qualiter
628 2947 805 3013 hadouicus
821 2950 974 3014 reuocauit
998 2950 1195 3016 Vuae-tatum
1209 2951 1287 3036 Bepo'

730 3047 853 3133 Aeolia
871 3049 1026 3115 collatum.

238 3241 391 3289 thetmaer
456 3220 604 3303 Scripsit
634 3222 726 3286 enim
756 3219 954 3285 Ludovicus
978 3221 1057 3286 dux
1082 3223 1243 3287 Bavariae
1275 3244 1354 3305 reg-

238 3289 390 3338 oteermeny's

237 3342 376 3381 aeaeae
406 3340 488 3384 num
506 3320 702 3385 Almanniae
726 3339 901 3401 occupans
917 3318 1056 3401 Angliae
1079 3323 1153 3404 regi
1178 3323 1352 3388 Edwardo

239 3391 305 3440 King,
315 3391 390 3430 revok·

239 3443 276 3489 aa
294 3441 329 3478 n.
343 3439 390 3479 ertu
405 3423 470 3484 sub
497 3420 564 3484 bac
586 3421 708 3483 forma.
760 3426 783 3456 “
796 3419 1021 3496 Ludovicus,⁴
1049 3420 1117 3484 Dei
1134 3424 1260 3502 gratia,
1277 3423 1354 3487 Ro-

239 3490 383 3590 illidii.
405 3539 583 3582 manorum
618 3518 752 3600 imperii
788 3538 925 3601 semper
955 3519 1150 3600 Augustus,
1180 3522 1356 3586 Edwardo

405 3618 480 3698 regi
501 3617 652 3698 Angliae,
683 3617 783 3681 fratri
813 3637 877 3682 suo
907 3619 1098 3696 carissimo,
1127 3621 1287 3696 salutem,
1318 3631 1358 3687 et

404 3715 566 3780 fraternae
593 3707 787 3782 dilectionis
818 3717 992 3783 affectum.
1038 3715 1142 3785 'Licet
1173 3721 1359 3786 innumera

441 3965 449 3995 ¹
460 3968 593 4018 Amended
601 3967 664 4017 from
672 3969 779 4030 Itymer3
793 3969 869 4018 MSS.
930 3966 941 3997 ⁸
952 3969 1076 4030 Supplied
1082 3969 1144 4018 from
1152 3970 1289 4022 MS.Harl.
1298 3977 1358 4023 65⁵.

405 4037 667 4100 read‘repuleoset’
931 4035 941 4066 ⁴
958 4039 981 4086 Δ
1004 4053 1070 4100 copy
1091 4039 1120 4087 oi
1140 4039 1191 4088 this
1213 4034 1360 4107 document,

895 4109 1039 4170 containing
1058 4109 1155 4157 several
1169 4111 1315 4174 variatione,
1334 4114 1360 4162 is

441 4173 593 4225 ’Amended
600 4178 663 4226 from
671 4177 781 4239 Rymer3
792 4176 869 4226 MSS.
894 4178 995 4238 printed
1013 4179 1040 4226 in
1058 4179 1174 4239 llymer’s
1193 4179 1311 4240 Foedera,
1328 4182 1360 4233 ii.

404 4247 466 4296 read
478 4245 669 4309 ‘expedenda'
895 4250 969 4309 1166,
979 4247 1042 4296 from
1054 4247 1113 4298 MS.
1124 4248 1190 4298 Cott.
1202 4249 1270 4299 Otho
1281 4251 1317 4302 D.
1329 4252 1359 4302 ii.
