3166 4992
230 589 320 628 Mune
334 589 354 628 Ι.

226 640 254 678 Δ.
261 639 289 678 D.
300 641 357 680 leae.

231 2308 258 2346 A.
267 2307 294 2348 D.
304 2308 362 2347 1³⁰1.

223 2407 356 2446 Perambula-

222 2457 267 2495 tion
276 2457 300 2496 οἰ
305 2458 342 2496 the

221 2507 303 2547 foreste.

379 399 445 464 188
745 415 961 462 canonicos.

378 571 463 634 bant
490 569 559 634 duo
595 571 750 634 ‘denarii
775 563 922 646 unum,'¹
949 569 1057 653 juxta
1084 571 1227 635 verbum
1261 569 1331 632 Ca-

378 670 492 734 tonis:

468 818 579 884 “Quod
593 818 649 876 vile
663 827 707 876 est
721 823 827 888 aarum,
841 819 917 896 quod
928 838 1025 876 carum
1038 819 1094 876 vsse
1108 815 1251 896 putato.’'²

383 972 600 1054 Fiebantque
638 972 740 1035 multi
768 971 892 1036 divites
925 991 988 1054 per
1017 971 1236 1036 excambium
1271 969 1330 1050 qui

381 1078 557 1136 monetam
590 1070 687 1134 illam
726 1075 881 1135 emerant
911 1073 947 1134 in
983 1078 1139 1153 tempore
1175 1069 1331 1133 vilitatis·

381 1170 429 1234 Et
443 1177 566 1252 postea
588 1190 650 1234 rex
670 1171 752 1234 fecit
768 1171 896 1252 inquiri
916 1171 958 1234 de
981 1170 1109 1233 talibus
1124 1169 1184 1252 qui
1201 1169 1331 1249 absque

381 1269 526 1351 speciali
554 1270 695 1333 licentia
719 1270 936 1333 excambium
968 1269 1123 1333 fecerant
1151 1275 1187 1332 et
1216 1267 1333 1331 taliter

382 1369 525 1433 mercati
539 1369 689 1446 fuerant,
706 1376 742 1432 et
756 1369 939 1434 mulctavit
954 1389 1013 1432 eos
1030 1370 1179 1452 pecunia
1192 1385 1332 1448 magna.

598 1605 666 1669 Rea
681 1605 824 1670 concessit
843 1606 997 1691 Treuyora
1011 1605 1119 1671 Scotto.

438 1792 541 1858 Anno
560 1795 701 1858 Domini
724 1811 841 1860 uoco.
857 1816 920 1860 rex
943 1803 1154 1878 congregato
1177 1796 1333 1860 exercitu

385 1893 561 1975 profectus
585 1895 690 1958 estin
714 1894 866 1958 Scotiam
889 1897 981 1959 circa
1002 1896 1127 1958 festum
1152 1895 1244 1958 beati
1268 1896 1332 1959 Jo-

386 1991 510 2056 hannis
547 1993 731 2076 Baptistae,
760 1995 819 2057 ubi
842 1995 939 2058 initis
961 1992 1115 2074 treugis³
1140 2013 1250 2076 usque
1281 2013 1333 2058 se-

385 2099 546 2173 quentem
574 2093 805 2156 Pentecosten
830 2112 989 2158 reversus
1010 2101 1064 2158 est
1089 2100 1171 2176 post
1198 2101 1333 2174 tempus

386 2191 558 2258 modicum
575 2192 619 2255 ad
642 2201 760 2274 partes
784 2194 975 2269 australes3
1003 2194 1183 2274 tenuitque
1205 2191 1333 2274 parlia-

385 2298 536 2354 mentum
561 2309 662 2353 suum
692 2293 727 2353 in
752 2293 910 2373 sequenti
936 2290 1215 2372 Quadragesima
1241 2291 1334 2373 apud

386 2388 641 2468 stanfordiam
669 2397 704 2454 et
731 2391 958 2454 movebantur
983 2409 1141 2472 proceres
1167 2391 1209 2454 de
1239 2391 1335 2472 equi-

387 2495 504 2552 tatura
541 2489 681 2552 forestae
716 2489 867 2552 nondum
896 2492 1080 2572 completa,
1109 2497 1144 2553 et
1179 2491 1214 2552 in
1247 2490 1333 2553 locis

386 2587 561 2668 aliquibus
587 2587 739 2650 nondum
770 2587 920 2670 incepta.
974 2589 1131 2670 Cumque
1162 2590 1334 2652 orirentur

385 2686 503 2762 verba,
518 2692 552 2748 et
568 2705 590 2748 a
604 2687 723 2750 multis
739 2687 861 2750 fierent
876 2689 1159 2752 comminationes
1175 2688 1333 2765 occultae,

385 2785 499 2848 timuit
517 2805 591 2863 rex,
609 2795 643 2850 et
658 2787 787 2850 ‘iratos
800 2784 829 2819 ’⁴
846 2787 962 2850 animo
978 2787 1112 2850 lenibus
1129 2787 1335 2868 blandisque

384 2885 598 2948 sermonibus
617 2885 793 2964 delinivit3
820 2886 1058 2969 promisitque,
1075 2892 1110 2949 et
1132 2886 1210 2968 plus
1230 2885 1333 2949 solito

385 2983 508 3061 tenuit,
538 2985 771 3066 equitaturam
805 2984 944 3049 forestae
977 2986 1096 3051 eodem
1131 3002 1222 3049 anno
1260 2985 1335 3048 fieri

385 3081 520 3160 debere,
537 3089 572 3146 et
587 3084 638 3147 ita
653 3083 783 3150 factum
800 3090 863 3147 est.

419 3312 427 3348 ¹
444 3315 592 3364 ‘denarium
603 3314 700 3379 unum,’
712 3316 770 3365 MS.
783 3314 851 3365 cort.
862 3314 942 3376 Vesp.

499 3421 668 3474 2Elrt
754 3419 1182 3476 ιλὶιδὶκνλῆ,

569 3443 630 3492 Toy(
641 3444 725 3490 Τίμων
737 3444 793 3475 ΕΙΠἜ
812 3443 839 3478 ἐς
850 3445 885 3478 ως
913 3445 925 3474 Ε
937 3443 978 3475 xat
1002 3443 1069 3490 ἔμπα
1091 3444 1114 3476 W
1125 3445 1174 3476 ΟίΕί

512 3489 586 3546 .Οὕτ’
599 3489 644 3544 οὖν
652 3492 783 3561 φειδωλὸς
794 3490 880 3561 δόξῃς,
893 3491 946 3546 οὔτ’
959 3489 991 3546 αὖ
1001 3493 1163 3569 πλεονέκτης.

523 3618 600 3669 Quod
611 3618 661 3666 vile
673 3622 720 3680 est,
731 3633 828 3682 carum,
838 3620 907 3681 quod
918 3635 1014 3682 carum,
1025 3619 1076 3669 vile
1088 3625 1192 3681 putato:

524 3687 567 3736 Sic
578 3688 625 3737 tibi
635 3702 681 3736 nec
693 3688 813 3752 cupidus,
824 3704 871 3738 nec
882 3704 975 3738 avarus
986 3691 1097 3738 nosceris
1108 3690 1165 3739 ulli.

702 3759 781 3808 Dion.
792 3758 897 3808 Catonis
909 3759 1020 3808 Distich.
1031 3759 1077 3809 lib.
1090 3760 1109 3809 i.
1120 3758 1180 3808 dist.
1192 3759 1263 3808 xxix.

419 3866 753 3930 ’misuucqwhichwas
761 3873 845 3931 grant·
871 3869 931 3918 Pet.
950 3873 983 3918 28
1008 3869 1057 3918 Ed.
1077 3869 1154 3920 Lm.
1178 3873 1208 3930 33
1231 3869 1336 3930 Rymer,

385 3940 417 3990 ed
428 3943 456 3988 at
465 3938 508 3988 the
522 3939 628 4000 petition
639 3938 669 3987 of
679 3939 723 3988 the
735 3938 805 4001 King
820 3938 849 3987 os
872 3939 990 4001 Foedera,
1002 3939 1020 3988 i.
1032 3942 1089 3988 924.

385 4009 491 4070 Franco,
507 4009 633 4058 extended
647 4008 709 4057 from
727 4008 769 4058 the
787 4009 846 4057 date

384 4080 413 4128 os
420 4077 462 4127 the
473 4078 559 4126 letters
570 4083 666 4140 patent,
674 4080 724 4128 viz.
732 4079 775 4127 the
787 4078 846 4126 toth
912 4075 922 4104 ⁴
936 4078 1051 4140 ‘iratns‚’
1074 4077 1151 4127 MSS.
1170 4077 1237 4126 cort.
1256 4075 1339 4134 Vesp.

384 4148 533 4212 osBOetober
544 4149 582 4200 till
595 4148 774 4199 Whitsuntide.
787 4149 846 4199 not.
873 4149 924 4197 and
935 4148 1002 4200 0011.
1012 4148 1084 4198 Trin.
